2798 4740
260 429 304 490 64
704 447 817 491 norm.

316 609 398 662 Vnus.
422 610 770 676 128.-Numinonoscimus.]
797 609 853 658 Prae
869 610 962 660 altero:
987 608 1082 664 Numen
1099 611 1263 675 aquosoimus:

262 698 416 748 tolerandum
438 697 610 762 potius-W.
652 698 774 757 Pithoeus,
803 698 873 762 quasi
894 715 940 763 pro
963 699 1143 758 emendatione,
1171 699 1198 747 in
1220 715 1265 749 ora

261 785 347 849 posuit
358 787 453 836 numine
464 789 588 846 noscimus,
605 786 680 851 idque
692 787 718 835 in
730 794 826 837 textum
838 787 939 838 admisit
949 787 1080 838 Weitzius.
1119 788 1169 838 Sed
1180 806 1265 838 numen

262 874 409 938 opnosctmus
424 873 581 924 scribendum
598 882 670 939 putot
685 875 829 926 Outhovius
843 876 874 924 ad
885 891 959 925 carm.
982 875 1038 926 Sev.
1056 876 1150 935 Sancti,
1167 893 1191 941 p.
1205 877 1264 935 846,

261 967 287 1010 et
301 976 348 1010 nos
363 961 389 1009 id
404 961 494 1012 merito
507 962 651 1022 retinemus,
669 978 808 1027 quanquam
823 979 870 1013 nec
884 963 948 1013 male
960 962 1068 1028 conjecit
1081 963 1223 1023 VonckiuS,
1244 965 1262 1013 l.

263 1065 295 1107 c.,
312 1049 444 1113 legendum
457 1066 513 1100 esse
529 1050 621 1101 Ciristi
629 1053 653 1100 et
663 1052 759 1123 numina
768 1053 894 1116 poscimus,
913 1051 1037 1115 quomodo
1049 1051 1179 1116 Virgilius,
1200 1051 1265 1102 AEn.

263 1135 315 1196 IV,
332 1137 372 1195 50,
395 1137 434 1186 Tu
448 1137 514 1187 modo
527 1155 600 1203 posce
611 1138 681 1188 Deos
692 1139 937 1190 veniam-Wrruns.

313 1315 398 1368 Vnus.
415 1315 540 1366 ltu-Et
550 1332 585 1365 me
595 1315 699 1366 consiliis
707 1317 804 1381 jonyite
814 1316 960 1382 prosperis]
982 1315 1041 1366 Hoc
1052 1323 1098 1374 est,
1116 1315 1182 1379 quod
1197 1315 1264 1367 Cato

260 1403 304 1453 ille
321 1403 481 1468 praecipiebat
496 1411 578 1454 catus:
606 1403 667 1454 Cum
682 1403 749 1453 bonos
765 1403 865 1453 ambulo.
904 1403 974 1452 Hinc
990 1402 1023 1453 D.
1042 1402 1162 1453 Ambros.
1178 1402 1223 1453 lib.
1236 1405 1261 1453 2.

262 1493 292 1543 de
304 1500 385 1544 vocat.
399 1492 511 1557 gentium
522 1508 575 1556 oop.
592 1493 629 1541 lo.
643 1499 768 1542 extremo:
790 1491 861 1541 Dum
871 1493 897 1541 in
907 1491 951 1541 doc
961 1507 1060 1556 corpore
1068 1493 1163 1550 vivitur,
1177 1491 1265 1541 nudius

261 1588 296 1629 est
309 1579 446 1645 neplipendo
458 1580 577 1638 eorrectio,
595 1577 681 1629 nullius
691 1586 726 1628 est
739 1579 886 1644 desperanda
902 1578 1110 1643 reparatio-W.
1147 1579 1224 1628 Zach.
1236 1581 1261 1630 8.

260 1669 300 1717 22.
333 1667 425 1717 Vadam
443 1668 513 1716 etiam
531 1665 644 1732 eqo-S.
683 1665 928 1716 Sicfrescribendum
948 1674 1120 1715 autumemus:
1151 1665 1209 1716 Stet
1227 1683 1264 1715 me

260 1754 363 1806 consiliis
371 1756 475 1820 jurmero
487 1756 617 1819 prosperis.
656 1753 721 1813 Stat,
737 1754 787 1804 hoe
801 1761 848 1813 est,
865 1754 970 1804 firmiter
985 1754 1095 1804 decrevi:
1122 1770 1171 1818 quo
1187 1771 1264 1804 sensu

261 1860 291 1894 eo
302 1860 350 1894 vox
361 1850 519 1907 usurpaturo
533 1843 663 1903 Cicerone,
683 1844 784 1907 Nepote
796 1851 822 1894 et
835 1843 953 1908 Virgilio.
971 1843 997 1893 H
1002 1843 1247 1894 EUM—Wunns.

312 2013 775 2085 Vnus.181.—Perpetesoeeuloh.e.
794 2020 846 2071 vita
856 2030 955 2072 aeterna.
990 2021 1088 2071 Minue.
1106 2021 1160 2070 Fel.
1182 2037 1204 2070 o.
1225 2037 1259 2071 11:

262 2108 367 2158 Beatam
385 2107 439 2166 sibi,
458 2107 576 2165 arbonis,
599 2115 621 2156 et
636 2116 754 2172 perpetem
773 2110 844 2158 vitam
863 2111 961 2159 mortuis
975 2109 1122 2175 pollicentur.
1153 2110 1260 2160 Festus:

262 2197 387 2262 Perpetem
394 2212 441 2261 pro
449 2203 564 2261 perpetuo
576 2195 687 2244 dixerunt
693 2197 926 2261 postm-Wuuus.

311 2370 694 2437 Vsus.132.-Vismorbido.]
712 2372 738 2421 id
749 2381 796 2431 est,
814 2372 924 2423 morbus.
962 2372 1129 2436 Periphrasis:
1155 2372 1262 2423 alterum

261 2461 444 2512 substantivum
461 2451 616 2524 permutatur
627 2459 758 2525 adjectivo.
780 2461 882 2512 Lueret.
893 2462 936 2512 lib.
950 2465 973 2512 6.
991 2478 1054 2512 vers.
1071 2463 1140 2513 1090.
1176 2495 1210 2505 -
1221 2471 1264 2512 out

261 2552 323 2602 unde
330 2558 423 2617 repente
430 2549 583 2614 Mortiferom
591 2550 670 2614 possit
676 2548 762 2600 cladem
771 2551 875 2615 conflare
886 2558 966 2600 coorto
975 2549 1090 2600 Morbido
1097 2551 1135 2601 ves
1145 2549 1265 2600 lominum

227 2644 237 2653 '
259 2640 347 2705 penori,
367 2637 529 2703 pecudumque
548 2637 656 2686 catervis.
682 2636 777 2687 Ibidem
797 2653 860 2687 vers.
883 2638 952 2688 1152.
987 2637 1102 2687 Morbido
1120 2639 1157 2687 or's
1175 2639 1202 2686 in
1221 2655 1262 2688 cor

260 2733 363 2776 moestum
374 2726 523 2788 confluxerat
533 2725 629 2789 oeqris.=
649 2723 687 2775 Et
698 2740 761 2773 vers.
778 2725 847 2774 1224.
880 2725 1047 2791 Estorquedot
1060 2725 1120 2774 enim
1136 2725 1209 2774 vitam
1225 2726 1263 2774 ors
1328 2744 1331 2753 ·

259 2813 365 2864 morbida
381 2811 495 2861 membris.
531 2811 570 2860 Ita
586 2811 651 2875 opud
667 2811 774 2861 eundem
791 2814 827 2862 oio
835 2814 959 2877 flammea,
975 2829 1021 2878 pro
1032 2813 1131 2862 flamma
1146 2812 1260 2876 ponitur.

263 2903 353 2953 Horat.
368 2916 385 2950 1.
401 2915 475 2949 carm.
489 2901 513 2950 5.
532 2899 648 2964 Perrupit
657 2900 793 2950 Acheronta
802 2899 934 2950 Herculeus
945 2901 1019 2960 labor,
1031 2901 1111 2960 idest,
1125 2899 1260 2950 Hercules.

263 2991 305 3041 Sic
320 2988 401 3040 Graeci
418 2989 483 3052 βίην
502 2987 642 3052 ἡρακλείην
656 2995 683 3038 et
698 2987 758 3048 um
769 2989 912 3054 Ἴφικλείην
927 3005 974 3053 pro
992 2988 1103 3038 Hercule
1117 2995 1143 3038 et
1162 2987 1262 3052 Iphiclo

260 3079 354 3128 dieunt.
369 3074 465 3128 Confer
478 3074 631 3127 Rittershuf.
645 3090 662 3124 1.
685 3075 797 3126 Halieut
813 3075 921 3140 Oppian.
933 3093 956 3125 v.
970 3077 1024 3127 105.
1041 3074 1168 3127 Veohner.
1181 3074 1263 3124 helle·

259 3165 341 3216 nolex.
353 3165 377 3213 2.
389 3180 414 3228 p.
428 3163 484 3213 224.
517 3161 555 3213 Et
564 3164 617 3212 haeo
627 3171 693 3222 sunt,
705 3180 760 3227 quae
768 3164 799 3213 od
807 3165 1019 3228 elegantissimum
1027 3165 1076 3216 hoo
1087 3161 1149 3214 mihi
1161 3180 1261 3214 carmen

260 3252 390 3302 observare
407 3258 433 3299 et
448 3256 565 3298 annotare
581 3249 665 3311 licuit;
688 3266 739 3300 non
754 3251 798 3301 illa
813 3252 911 3315 quidem
928 3252 955 3302 in
971 3253 1095 3302 mercibus
1108 3252 1263 3301 numerando

262 3337 363 3396 Indicis,
383 3343 428 3386 aut
443 3335 556 3398 gemmis,
574 3335 619 3384 sed
633 3335 762 3387 littoralib.
784 3338 885 3388 calculis
902 3347 946 3390 aut
960 3339 1022 3404 algis
1038 3339 1133 3390 viliora
1170 3338 1261 3403 Itaque

221 3493 224 3503 Ι
259 3425 356 3476 nullum
376 3440 475 3489 quoque
494 3423 545 3474 illis
565 3424 675 3488 precium
699 3433 790 3485 statuo,
814 3427 859 3476 sed
877 3427 941 3477 hano
960 3427 1039 3478 veluti
1058 3427 1150 3491 stipem
1170 3442 1261 3491 spargo

259 3515 472 3581 publicem-W.
502 3513 546 3565 Vis
557 3513 662 3564 morbido
673 3531 719 3579 pro
730 3515 827 3576 morbo,
843 3524 872 3566 ut
884 3532 958 3580 supra
969 3532 992 3566 v.
1006 3517 1039 3567 89
1046 3518 1129 3581 fiotum
1140 3515 1204 3564 neeis
1214 3530 1261 3579 pro

259 3606 313 3670 ipsa
327 3614 416 3656 morte.
452 3605 598 3669 Aliquoties
610 3607 656 3655 hoc
667 3605 748 3655 forma
759 3606 838 3657 utitur
851 3605 993 3665 Lucretius,
1009 3613 1039 3656 ut
1049 3605 1093 3657 lib.
1110 3605 1161 3666 v1,
1181 3606 1258 3656 1224:

260 3694 426 3760 Extorpuebot
436 3696 496 3744 enim
507 3696 579 3745 uitam
591 3695 628 3745 vis
638 3695 744 3746 morbide
754 3686 1023 3746 mernbrr'soe-Wusus}
