2798 4740
193 407 235 469 60
636 429 748 473 norm.

193 589 302 651 beneficio
324 588 401 638 adduc
423 590 481 638 vivit
502 589 552 639 lroec
569 591 653 654 pestis.
690 588 851 652 (Antonius)
878 589 979 637 Terent.
1003 586 1115 650 Adelph.
1133 588 1158 637 2.
1180 602 1201 636 1.

194 678 318 727 Pernicies
329 679 455 727 communis
466 677 652 737 adolescentium,
665 679 785 743 perjurus,
794 679 878 742 pestis.
896 676 976 728 Cicer.
990 691 1036 739 pro
1048 676 1124 726 domo
1136 691 1196 725 sua:

194 765 276 814 Pestis
294 764 397 829 Reipub.
418 764 470 815 Pro
491 764 578 815 Rabir.
599 766 675 830 pestis
691 765 802 815 deitatis.
825 764 876 814 Pro
897 762 989 822 Sestio,
1003 763 1080 827 pestis
1095 764 1196 827 patric.

196 854 299 904 Pestem
319 853 394 903 etiam
413 869 458 918 pro
477 868 550 918 poena
569 854 702 917 accipiunt.
727 855 752 903 6.
779 852 883 902 AEneid.
915 851 969 900 Nec
984 850 1100 915 funditis
1119 866 1200 899 omnes

193 958 312 1006 corporee
331 941 445 991 excedunt
461 949 546 1005 pestes.
566 941 602 991 ait
621 941 686 990 enim
706 955 748 990 cor
766 939 875 989 exerceri
894 938 983 1002 poenie.
1005 938 1115 1001 Schopp.
1139 937 1196 986 Ind.

198 1030 379 1094 Priapeiorum.
393 1029 473 1079 Boch.
487 1029 518 1077 ad
532 1029 599 1077 Peel.
614 1029 709 1078 n-W.

247 1204 332 1257 Vena.
348 1203 580 1270 103.-Pccudum.]
603 1203 715 1254 Homero
728 1204 808 1262 πόκος
818 1203 876 1253 lana
886 1202 943 1253 fuit.
957 1203 1023 1252 unde
1034 1201 1160 1266 hodieque
1171 1203 1200 1252 in

196 1291 319 1354 aliquibus
333 1291 412 1342 ltaliae
422 1291 485 1341 locis
501 1308 584 1356 pocam
597 1300 690 1341 certum
705 1291 768 1340 lanae
783 1292 880 1355 pondus
893 1292 977 1341 vocari
990 1291 1068 1340 aiunt.
1086 1289 1101 1339 d
1119 1292 1200 1341 πείκω

170 1364 175 1370 ’
197 1397 242 1430 seu
259 1379 326 1431 πὲκω
342 1388 424 1444 pecto,
448 1379 565 1430 carmine.
586 1379 663 1439 πέκος
680 1389 706 1430 et
726 1379 820 1439 πὲσκος
838 1382 875 1439 τὸ,
899 1377 987 1429 vellus.
1007 1379 1065 1429 inde
1079 1380 1199 1444 pecudes,-

197 1470 265 1534 quod
282 1468 452 1528 tonderentur,
470 1469 584 1528 πεκάὸες.
601 1469 657 1518 vide
672 1468 763 1533 Scalig.
778 1469 809 1518 de
821 1469 906 1519 Latin.
919 1468 980 1532 ling.
995 1483 1048 1532 cap.
1061 1469 1102 1517 29.
1116 1475 1143 1517 et
1153 1467 1199 1517 lib.

198 1575 214 1609 1.
234 1564 301 1622 polit.
316 1575 337 1608 c.
352 1560 388 1610 10.
402 1568 428 1609 et
442 1561 479 1610 17.
499 1567 525 1608 et
538 1558 642 1622 Joseph.
657 1557 736 1607 lilium
749 1557 775 1606 in
790 1555 937 1620 Conjectan.
951 1557 982 1606 ad
997 1557 1183 1610 verrom-W.

249 1734 333 1787 Vnus.
352 1734 643 1786 106.-Accommodate
660 1734 708 1784 hoc
726 1735 788 1785 dicit
806 1742 859 1784 tum
875 1732 986 1784 moribus
1001 1741 1138 1798 pastorum,
1156 1733 1202 1798 qni

197 1824 261 1886 agris
273 1823 373 1882 assueti,
397 1839 452 1886 quae
462 1822 489 1871 in
507 1822 610 1872 urbibus
627 1821 697 1881 fiant,
714 1830 811 1874 tantum
833 1822 910 1871 fando
931 1821 1042 1880 audiunt,
1067 1828 1121 1871 tum
1141 1836 1202 1872 vero

198 1908 324 1973 religionis
337 1909 493 1969 Christiante,
507 1910 615 1973 quitum
628 1917 685 1968 erat,
702 1909 787 1960 statui.
819 1909 885 1966 Nam
898 1908 1043 1960 Theodosio
1052 1908 1201 1972 imperante,

199 1999 300 2059 eversis,
313 2015 367 2062 quae
375 1999 401 2047 in
408 1999 512 2048 urbibus
524 2006 602 2058 erant,
617 1998 719 2062 templis
728 1999 839 2058 deorum,
849 2006 892 2049 aut
900 1999 925 2048 in
938 1999 1056 2049 ecclesias
1065 1999 1203 2059 conversis,

199 2089 301 2139 deorum
313 2088 422 2137 cultores
433 2088 502 2150 pagis
514 2094 610 2136 tantum
623 2086 822 2146 continebantur,
839 2086 865 2135 in
877 2087 979 2137 urbibus
991 2087 1060 2137 solus
1071 2086 1203 2139 colebatur

203 2174 327 2227 Christus.
364 2173 432 2223 Hinc
443 2173 531 2238 religio
545 2189 639 2238 pagana
650 2173 698 2223 dici
712 2175 794 2238 coepit,
813 2183 838 2224 et
852 2192 918 2240 papo
930 2174 1027 2234 deditos,
1041 2192 1107 2241 papo
1122 2176 1204 2242 impli-

199 2264 257 2312 citos
273 2260 380 2325 gentiles
396 2269 469 2311 vocat
488 2261 609 2311 Prudent.
628 2261 654 2309 in
677 2261 801 2320 Romano,
821 2262 878 2320 296,
898 2261 966 2312 etin
985 2262 1079 2326 Symm.
1100 2263 1121 2322 I,
1142 2264 1201 2314 620.

202 2349 263 2400 Vid.
279 2348 382 2399 Herald.
396 2349 427 2398 ad
438 2349 535 2399 Amob.
549 2349 593 2399 lib.
610 2350 630 2408 1,
648 2366 672 2414 p.
684 2351 709 2410 3,
726 2358 752 2400 et
766 2349 920 2401 Rittershus.
934 2350 966 2400 ad
976 2349 1084 2401 salvian.
1099 2351 1130 2401 de
1142 2351 1203 2416 gub.

201 2435 251 2487 Dei
261 2437 305 2487 lib.
323 2438 373 2497 VI,
391 2454 416 2502 p.
430 2438 634 2489 565.-Wnaus.

252 2614 336 2666 Vnae.
353 2614 562 2675 issi-Cinium,
577 2615 655 2681 picria
666 2615 802 2683 Numinis]
827 2615 980 2666 Desumtum
991 2616 1156 2680 proculdubio
1168 2633 1204 2668 ex

203 2700 315 2750 Ebraeor.
326 2716 344 2750 1.
359 2717 382 2750 v.
393 2703 417 2751 3.
428 2717 478 2765 quo
489 2702 546 2752 loco
559 2703 674 2754 Christus
687 2704 850 2770 ἀπαύγασμα
863 2708 911 2766 τῆς
922 2705 999 2767 δόξης
1010 2707 1053 2756 καὶ
1064 2709 1204 2772 χαρακτὴρ

202 2792 250 2849 τῆς
261 2789 428 2848 ὑποστάσεως
438 2791 499 2840 θεοῦ
511 2789 661 2840 nominatur.
678 2792 746 2849 Δόξα
758 2791 825 2852 vero,
839 2809 912 2857 quam
924 2791 999 2858 vulgo
1010 2795 1114 2858 gloriam
1125 2797 1205 2846 inter-

201 2885 335 2941 pretamur,
357 2894 544 2943 nonnumquam
563 2880 627 2929 lucis
647 2888 673 2930 et
693 2881 812 2932 claritatis
832 2881 944 2932 divinum
964 2898 992 2932 ac
1010 2883 1110 2935 caeleste
1129 2882 1205 2949 jubar

202 2965 339 3030 significat3
362 2966 400 3017 uti
411 2967 494 3019 videre
506 2975 546 3018 est
558 2968 641 3018 Exod.
655 2971 695 3020 34.
710 2971 749 3019 30.
764 2970 794 3018 de
806 2968 902 3033 fulgore
914 2969 988 3020 faciei
1001 2970 1130 3021 Mosaicae.
1166 2972 1206 3023 Et

202 3057 227 3104 2.
245 3056 302 3107 Cor.
319 3057 343 3105 3.
358 3060 381 3107 7.
403 3056 466 3106 Luc.
483 3057 507 3106 2.
522 3059 545 3106 9.
562 3055 739 3125 Ἀπαύγασμα
753 3057 813 3108 verd
826 3058 983 3122 splendorem
995 3073 1027 3108 ex
1037 3059 1149 3109 claritate
1160 3059 1206 3109 illa

203 3146 365 3196 resultantem
384 3153 463 3196 notat.
508 3147 580 3198 Sicut
599 3147 659 3213 ergd
678 3165 724 3213 per
743 3149 902 3213 splendorem
922 3149 969 3198 lux
988 3149 1155 3212 cognoscitur,
1178 3158 1205 3200 et

202 3233 296 3283 infirmi
307 3234 449 3284 mortalium
461 3234 527 3284 oculi
542 3235 662 3299 placidius
681 3237 746 3289 ferre
761 3239 919 3301 splendorem
942 3236 1016 3296 Solis,
1034 3237 1107 3300 quiam
1123 3237 1205 3300 ipsam

143 3379 147 3385 ⁵
202 3320 311 3384 corporis
324 3319 417 3370 Solaris
429 3321 565 3372 claritatem
578 3331 696 3386 possunt:
718 3324 758 3374 lta
766 3325 939 3375 aeternaeillius
950 3325 1035 3390 gloriae
1047 3333 1074 3375 et
1084 3324 1206 3376 claritatis

202 3409 228 3458 in
245 3407 302 3458 Deo
317 3409 434 3473 splendor
452 3418 478 3460 et
494 3411 618 3462 emanatio
636 3412 717 3461 Filius
732 3428 787 3463 esse
806 3413 967 3478 significatur.
984 3414 1017 3463 D.
1037 3414 1071 3465 G.
1093 3413 1158 3478 Myl.
1178 3414 1206 3464 in

202 3500 258 3550 loco
269 3499 300 3548 de
312 3499 426 3550 Persona
438 3499 617 3552 Christi-W.
650 3501 761 3567 Philipp.
772 3504 796 3553 2.
811 3518 839 3552 11.
869 3501 954 3552 Omnis
964 3501 1206 3568 linquaconfiteatur,

202 3589 242 3640 ὅτι
254 3589 347 3654 Κύριος
361 3592 463 3651 Ἰησοῦς
475 3591 586 3655 Χριστὸς
598 3589 633 3649 εἰς
644 3588 724 3646 δόξαν
734 3592 795 3640 θεοῦ
808 3589 980 3656 carpeia-S.

258 3766 338 3816 Vnus.
353 3765 665 3831 109.-Mediisfroutibue
677 3766 804 3831 additum]
827 3766 867 3816 Ita
881 3766 1002 3817 Prudeut.
1021 3767 1163 3819 Cathemer.
1178 3770 1201 3819 6.

203 3869 226 3903 v.
243 3855 296 3902 129.

542 3918 597 3966 Fac,
610 3919 665 3967 cum,
679 3921 769 3958 vocante
780 3919 861 3967 eomrro,

542 3990 629 4030 Caelum
640 3991 697 4044 pelis
710 3991 785 4040 cubile,

542 4063 645 4104 Frontem
658 4064 765 4116 locumque
777 4066 850 4106 cordis

542 4136 619 4177 Crucis
626 4138 702 4189 flyuru
716 4138 791 4190 alprat,
805 4140 844 4186 (tc.
