2798 4740
193 427 236 489 20
497 474 502 483 .
560 425 623 488 DE
649 427 834 490 SEVERO

194 611 415 693 componendi,
438 611 570 673 fortasse
586 612 682 673 etiam
698 632 770 672 cum
785 609 922 692 Virgilio
939 608 1112 672 Horatium
1128 611 1201 673 imi-

193 719 255 782 tari
276 719 387 795 voluit,
412 720 468 803 qui
487 720 624 782 alternos
642 741 801 782 semones
819 719 925 802 lyricis
947 719 1044 780 etiam
1056 720 1200 782 versibus

194 828 362 911 expressit,
385 829 441 891 lib.
457 828 523 904 ΙΙΙ,
548 829 598 893 od.
613 829 644 891 9.
684 828 734 890 De
748 839 865 891 caetero
878 850 1003 890 carmen
1019 829 1128 891 Severi
1143 852 1202 892 sua

192 937 287 1001 laude
312 960 377 1000 non
399 938 611 1001 fraudandum
635 948 693 1001 est.
740 938 891 1001 Narratio
918 938 987 1021 ipsa
1011 937 1112 1001 dulcis
1140 949 1200 1015 est,

112 1069 115 1075 ·
194 1050 364 1133 perspicua
376 1059 409 1111 et
425 1049 562 1131 elegans
587 1059 619 1111 et
631 1048 778 1131 plurimis
791 1049 939 1131 adspersa
950 1046 1082 1110 floribus
1097 1048 1202 1130 poeti-

197 1159 253 1235 cis,
268 1180 451 1241 quanquam
464 1168 497 1221 et
506 1158 605 1241 aliqui
618 1180 660 1220 ex
674 1180 741 1220 aevo
754 1157 914 1240 scriptoris
927 1157 1010 1220 naevi
1023 1157 1200 1233 adhaerent,

195 1279 229 1332 et
246 1269 320 1332 novi
334 1269 502 1332 verborum
517 1267 713 1350 significatus
732 1267 1045 1349 constructionesque
1063 1266 1202 1328 insolen-

196 1377 293 1441 tiores
308 1378 522 1462 reperimrtur.
569 1376 654 1443 Quae
669 1377 708 1440 de
724 1376 875 1458 religione
891 1387 924 1439 et
943 1377 1037 1440 sacris
1055 1398 1202 1458 perverse

195 1488 369 1572 inepteque
388 1489 486 1551 sentit
508 1498 628 1564 auctor,
653 1487 751 1550 errori
767 1488 835 1570 ejus
849 1486 957 1549 saeculi
976 1486 1145 1560 debentur,
1169 1497 1203 1548 et

192 1577 349 1660 'aemulum
372 1597 499 1661 Paulini
520 1608 682 1660 auctorem
705 1597 933 1670 demonstrant,
958 1596 1015 1678 qui
1032 1595 1152 1678 pariter
1168 1596 1203 1658 in

195 1707 387 1771 carminibus
410 1708 475 1770 suis
499 1707 538 1770 de
563 1708 702 1770 efficacia
725 1706 807 1788 signi
833 1705 944 1781 crucis,
978 1705 1017 1768 de
1039 1705 1202 1768 miraculis

198 1815 399 1879 sanationum
415 1826 448 1879 et
462 1815 592 1879 servatis
608 1815 703 1878 etiam
715 1815 870 1898 jumentis
887 1814 1034 1876 delirat*

262 1925 427 2009 Superest,
452 1935 490 1987 ut
506 1926 607 1987 varias
624 1924 788 2000 editiones
813 1924 930 2007 quibus
946 1946 1072 1987 carmen
1089 1923 1200 2002 Severi

197 2032 307 2097 Sancti
328 2032 511 2115 evulgatum
533 2043 591 2109 est,
615 2033 724 2116 paucis
743 2055 932 2096 recenseam.
980 2032 1059 2095 Post
1081 2033 1202 2116 primas

193 2141 265 2203 illas
281 2140 416 2217 Pitheci,
441 2151 747 2224 supramemoratas,
771 2143 927 2205 insertum
939 2152 988 2204 est
999 2140 1059 2204 hoc
1073 2164 1202 2205 carmen

196 2251 405 2315 Bibliothecis
428 2251 562 2315 Patrum
584 2250 827 2328 ParisiensibuS,
852 2262 886 2314 et
904 2252 1034 2335 quidem
1051 2240 1203 2316 editionis

195 2361 355 2437 secundae,
379 2360 453 2423 anni
480 2360 573 2437 1589,
598 2359 699 2424 Tomo
720 2360 823 2437 VIII,
845 2384 878 2446 p.
902 2361 981 2425 275:
1006 2361 1113 2425 tertiae
1135 2361 1203 2425 edi·

194 2471 302 2549 tionis,
318 2494 369 2535 an.
386 2469 480 2548 1624,
498 2469 600 2534 Tomo
613 2469 681 2546 ΙΙΙ,
704 2494 737 2555 p.
751 2471 830 2535 579:
855 2481 991 2554 quartae,
1015 2471 1090 2534 anni
1105 2471 1201 2548 1654,

196 2580 298 2645 Tomo
313 2579 418 2645 VIII:
445 2579 652 2656 Coloniensis,
677 2602 727 2642 an.
750 2580 844 2656 1618,
869 2578 971 2643 Tomo
986 2579 1033 2644 V:
1059 2579 1201 2664 denique

195 2688 405 2773 Lugdmrensi
416 2690 566 2752 maximae
579 2712 638 2774 per
650 2688 838 2752 Anissonios
851 2689 1022 2753 elaboratae
1037 2699 1071 2753 et
1083 2700 1200 2767 auctae,

195 2822 246 2862 an.
265 2799 359 2875 1677,
384 2797 485 2861 Tomo
497 2797 561 2875 VI,
584 2821 617 2882 p.
632 2797 707 2862 376.
754 2797 802 2862 Io.
819 2798 983 2862 Weitzius
997 2799 1058 2862 hoc
1073 2821 1203 2864 carmen

195 2931 269 2986 cum
283 2909 348 2973 suis
360 2908 445 2972 notis
460 2919 493 2971 et
504 2906 691 2991 Wolfgangi
705 2907 818 2972 Seberi
829 2910 1094 2974 racemationibus
1110 2932 1203 2994 sepa·

194 3019 289 3083 ratim
301 3018 411 3094 edidit,
431 3017 688 3094 Francof.1612,
707 3018 746 3081 8:
765 3017 859 3082 Hanc
873 3019 1046 3083 editionem
1054 3021 1199 3104 repetiit,

195 3137 229 3189 61
251 3127 518 3210 splendidioribus
540 3129 635 3211 typis,
664 3127 772 3192 addita
792 3130 919 3213 copiosa
938 3129 1137 3214 praefatione,
1164 3131 1200 3194 in

196 3235 310 3318 quade
326 3244 454 3298 auctore
468 3245 501 3297 et
512 3235 717 3320 inscriptione
731 3238 877 3301 carminis
893 3237 1085 3322 disputatur,
1109 3260 1202 3302 recu·

196 3343 335 3408 dendum
348 3344 470 3408 curavit
483 3345 530 3408 vir
544 3345 687 3409 eruditus
699 3347 734 3409 in
747 3347 888 3425 Batavis,
908 3349 964 3433 qui
976 3372 1094 3413 nomen
1106 3371 1203 3414 suum

246 3507 301 3556 *In
321 3505 437 3556 Historia
454 3506 588 3556 Litteraria
609 3507 706 3567 Galliae,
726 3509 819 3573 scripta
834 3525 880 3573 per
898 3510 1029 3572 religiosos
1049 3509 1203 3561 Benedict.e

196 3597 335 3652 congregat.
355 3588 380 3638 S.
397 3587 491 3647 Mauri,
507 3588 591 3638 Tomo
608 3589 644 3647 II,
662 3605 687 3652 p.
707 3591 747 3640 56.
775 3605 803 3638 66
820 3589 918 3653 Ecloga
934 3590 965 3638 de
981 3589 1105 3639 mortibus
1122 3589 1202 3640 boum

194 3666 339 3717 attribuitur
357 3667 457 3726 Sancto,
480 3673 562 3731 poeta
578 3667 731 3726 Christiano,
755 3668 839 3718 ethic
858 3668 971 3718 diversus
991 3668 1022 3718 ab
1041 3667 1202 3721 Endelechio

195 3762 250 3796 esse
267 3756 389 3798 censetur.
427 3747 552 3798 Praeterea
568 3748 627 3797 huic
643 3749 742 3807 Sancto,
760 3757 843 3812 poetre
858 3749 1010 3808 Christiano,
1028 3748 1064 3799 ibi
1081 3748 1203 3798 tribuitur

194 3843 284 3890 poema
297 3829 327 3877 de
345 3830 462 3892 parabola
474 3830 569 3879 Decem
588 3829 719 3893 Virginum
737 3830 764 3879 in
778 3830 926 3894 Evangelio,
946 3830 1022 3894 idque
1039 3828 1118 3878 fuisse
1135 3829 1203 3880 inter

193 3907 300 3971 hymnos
312 3909 475 3966 existimatur,
489 3924 551 3971 quos
564 3909 670 3959 Sanctus
679 3909 722 3958 ille
733 3910 847 3969 Paulino,
861 3910 903 3973 qui
913 3909 1101 3967 desideraverat,
1112 3907 1202 3968 mittit,

197 3987 247 4051 Ep.
271 3987 385 4048 XXVI,
403 3989 455 4038 sive
476 3988 546 4038 XLI
563 3989 664 4040 alterius
684 3989 809 4040 editionis.
855 3991 905 4041 Sed
924 4007 955 4041 eo
972 3992 1030 4041 loco
1048 3991 1199 4055 hymnorum

194 4067 295 4133 quidem
310 4069 443 4119 missomm
457 4070 552 4121 mentio
564 4070 602 4130 fit,
620 4079 646 4121 et
657 4071 794 4134 disputatio
806 4072 837 4120 de
848 4072 964 4136 parabola
976 4072 1062 4121 decern
1074 4069 1200 4132 virginum

193 4147 252 4197 inde
263 4147 368 4212 petitur:
389 4158 472 4199 utrum
481 4165 541 4200 vero
552 4157 634 4200 totum
645 4157 736 4214 poema
746 4151 815 4200 illius
827 4152 965 4214 argumenti
978 4151 1063 4210 fuerit,
1075 4165 1127 4199 non
1139 4149 1202 4200 satis

195 4227 259 4276 61616
276 4236 385 4290 apparet.
