2798 4740
639 434 751 478 noras.
1157 415 1199 477 57

198 595 316 658 nigrescat
331 593 413 644 uellere
427 593 513 645 coelum.
542 594 632 646 Weitz.
670 595 741 660 Aptei
755 597 861 646 adhunc
875 596 984 661 metaph.
1000 596 1068 648 Psal.
1087 598 1140 647 147.
1160 597 1197 648 16.

199 683 294 746 quidet
310 685 385 733 niuem
403 685 464 734 sicut
483 684 588 736 lunum:⁴
603 700 649 749 pro
668 687 718 749 qub
739 686 919 738 Buchananus:
950 685 1001 745 Qui
1019 686 1113 736 niuibus
1128 684 1200 734 celsos

197 774 283 837 aperit,
300 789 342 822 ceu
352 772 441 832 vellere,
457 773 617 825 montes.-S.

249 948 334 1002 Vsus.
345 951 420 1000 87.-
426 949 576 1017 Velleribus]
610 950 748 1001 Taenarum
765 950 837 1001 uellus
852 967 975 1016 uquarum.
1014 950 1053 1000 Ibi
1070 949 1196 1000 Raderus:

201 1037 312 1102 Elegans
328 1047 367 1089 est
384 1038 535 1102 periphrasis
551 1038 654 1088 nivium.
676 1047 750 1090 vocat
765 1039 845 1098 uellus,
868 1039 926 1103 quia
943 1039 986 1088 nix
1002 1037 1091 1088 cadens
1103 1028 1199 1087 'similis

197 1127 273 1188 lanae3
303 1129 436 1186 taciturum,
462 1126 633 1190 quianullum
654 1127 776 1191 crepitum
796 1127 969 1190 strepitumve,
994 1135 1023 1175 ut
1045 1124 1139 1190 grando
1158 1123 1199 1173 vel

198 1214 285 1274 imber,
308 1215 409 1265 excitae.
447 1215 547 1266 Amob.
567 1215 611 1266 lib.
633 1217 657 1265 2.
686 1215 792 1281 plumeas
809 1215 934 1276 crustulas,
960 1224 982 1265 et
1000 1216 1065 1264 niues
1083 1213 1198 1279 plumeas.

202 1305 284 1356 Graeci
296 1304 395 1369 ἐριῶδες
406 1304 471 1370 ὕδωρ
480 1304 635 1368 appellitant.
662 1304 781 1355 Eustath.
792 1305 822 1353 ad
833 1304 938 1368 Dionys,
953 1306 1003 1366 τὴν
1014 1305 1091 1369 χιόνα
1103 1302 1202 1367 ἐριῶδες

199 1392 265 1458 ὕδωρ
277 1392 384 1452 ἀστείως
400 1394 423 1443 oi
439 1395 547 1444 παλαιοί
561 1404 629 1459 φασι.
670 1393 756 1443 Pluria
770 1393 899 1442 Meursius
911 1394 942 1442 ad
955 1393 1053 1443 Amob.
1080 1392 1149 1441 Usus
1162 1400 1201 1440 est

198 1481 287 1530 voculis
298 1488 324 1531 et
337 1480 468 1540 Melissus,
483 1481 526 1530 ille
538 1480 576 1530 vel
589 1481 701 1531 advetus
712 1480 813 1530 Latium
823 1480 922 1544 elegans
933 1488 1017 1549 poeta,
1032 1478 1075 1529 lib.
1087 1482 1110 1529 4.
1123 1477 1200 1542 epigr.

436 1607 528 1659 lt’inpuit
540 1612 560 1648 et
573 1607 684 1648 hibernum
696 1607 802 1649 cumulato
814 1607 877 1649 molis
890 1608 968 1649 acerui

439 1681 557 1734 Oppleuere
569 1681 637 1722 solum
649 1681 732 1722 uellere
744 1681 811 1721 danao
822 1680 947 1725 nicia-W.

198 1803 291 1853 Densus
307 1802 437 1864 velleribus,
460 1804 485 1853 h.
503 1804 575 1863 lanis
596 1820 646 1869 quo
661 1820 736 1853 sensu
753 1812 779 1854 et
794 1803 952 1867 Calpurnius,
975 1803 1008 1854 Ε.
1029 1803 1065 1862 ΙΙ,
1083 1805 1122 1854 78.
1159 1801 1200 1851 De

198 1891 298 1965 nivibus
313 1892 388 1942 etiam
406 1891 518 1943 Martial.
537 1892 590 1952 IV,
610 1895 640 1944 3:
669 1894 775 1957 Adspice
790 1910 861 1957 quum
874 1893 969 1942 densum
986 1894 1111 1942 tacitmum
1128 1891 1200 1942 nudus

199 1997 316 2044 uquarum
333 1979 438 2046 Defluit.
477 1981 515 2032 Et
532 1981 604 2045 Virg.
623 1981 656 2033 G.
677 1982 697 2040 I,
720 1983 781 2033 397:
818 1982 909 2031 Tenuis
924 1998 965 2032 nec
982 1980 1041 2032 lunae
1057 1997 1103 2046 per
1120 1979 1199 2030 coelum

197 2066 283 2118 uellera
290 2068 513 2134 sarri-Wuuus.

249 2245 334 2298 Vnus.
353 2248 539 2314 tib-Totum]
568 2247 674 2298 Amavit
693 2249 817 2312 posterior
834 2257 893 2300 aetas
913 2256 985 2299 totum
1005 2247 1086 2296 dicere
1105 2244 1198 2310 potius,

198 2331 272 2397 quim
294 2337 380 2384 omniu.
418 2327 547 2386 Ambros.
563 2337 594 2385 de
614 2337 685 2388 obitu
705 2336 843 2387 Theodosii
865 2337 957 2402 lmper.
995 2335 1039 2386 De
1056 2335 1119 2398 filiis
1141 2334 1202 2385 nibil

197 2421 282 2471 babeat
296 2440 388 2483 meum,
411 2424 475 2489 quod
490 2425 605 2483 conderet,
629 2425 713 2489 quibus
728 2432 799 2475 totum
814 2425 917 2474 dederet.
954 2424 1025 2473 Zeno
1043 2424 1199 2477 Veronensis

201 2510 281 2560 Serm.
301 2511 332 2560 de
346 2512 458 2562 avaritia:
489 2513 574 2562 Totum
586 2513 699 2577 possidet,
716 2512 777 2561 etde
789 2513 995 2576 inopiaqueritur.
1034 2511 1142 2562 Salvian.
1153 2512 1197 2561 lib.

198 2599 223 2648 4.
234 2600 264 2648 de
275 2599 404 2663 gubernat.
446 2601 580 2659 Videamus,
598 2600 657 2665 quid
669 2617 716 2666 pro
727 2600 765 2650 bis
776 2601 865 2650 cunctis
876 2600 1001 2659 reddimus,
1019 2599 1196 2665 quodebemus.

204 2687 263 2752 quid
271 2688 374 2738 seilicet?
393 2690 441 2738 nisi
452 2697 524 2738 totum
535 2687 598 2747 illud,
616 2688 680 2753 quod
689 2687 764 2753 suprd
775 2688 886 2747 diuinus,
902 2675 1018 2752 quidquid
1028 2687 1142 2746 indecens,
1157 2694 1199 2736 etc.

199 2777 257 2827 Lib.
271 2778 295 2826 4.
309 2778 340 2826 ad
354 2777 454 2827 Eccles.
468 2777 567 2828 Cathol.
594 2777 678 2827 Totum
689 2777 773 2826 durum
784 2784 826 2835 est,
844 2777 960 2841 quidquid
970 2778 1099 2842 imperatur
1111 2776 1198 2824 inuitis.

199 2864 237 2914 Et
248 2863 313 2928 saepd
325 2864 417 2914 ibidem
430 2865 540 2915 obvium.
574 2864 724 2915 Observavit
735 2865 783 2915 hoc
793 2872 820 2914 et
828 2865 971 2914 eruditorum
982 2863 1065 2914 ocellus
1077 2861 1201 2911 Cusaubo-

196 2970 241 3001 nris
251 2954 282 3002 ad
297 2953 419 3017 Spartian.
439 2969 493 3017 pag.
507 2952 642 3003 270.-W.
683 2953 782 3018 Tepitur
793 2952 923 3019 funeribus
939 2951 1036 3017 solum]
1068 2951 1196 3014 Ammiun.

195 3042 240 3093 lib.
254 3044 294 3093 31.
318 3042 378 3093 Cum
388 3043 466 3092 omniu
477 3059 589 3092 cursorum
600 3042 737 3107 conpos-ibus
748 3040 982 3106 umbrantem-W.

248 3219 333 3272 Vsus.
354 3219 550 3285 90.-Influntur
570 3217 675 3284 tumidis]
704 3217 741 3268 Ut
757 3217 812 3266 fieri
833 3218 924 3267 sinon
945 3231 1051 3280 semper,
1073 3215 1198 3266 interdum

198 3307 336 3365 consuevit,
349 3307 494 3370 corporibus
502 3305 727 3369 venenodpabulis
735 3305 826 3355 hausto
833 3304 972 3368 occupatis:
992 3304 1199 3368 quemadmodum

200 3396 300 3446 Plinius
312 3395 417 3461 bupresti
430 3397 578 3460 potissimum
590 3395 701 3444 deuorato
712 3394 781 3444 boues
792 3395 871 3458 rumpi
886 3394 980 3444 scribit.
1017 3395 1070 3444 Est
1083 3402 1165 3444 autem
1177 3392 1200 3441 is

196 3484 347 3534 vermiculus
360 3484 481 3533 scarabaeo
494 3482 623 3546 longipedi
637 3481 792 3542 simillimus3
810 3480 900 3530 bovem
912 3479 1018 3529 maxime
1032 3481 1099 3530 inter
1112 3480 1201 3530 herbas

197 3572 362 3622 fallens-S.
399 3572 530 3637 Inflantur,
549 3572 720 3622 intumescunt
734 3586 844 3635 corpora,
864 3569 1000 3627 visceribus
1014 3568 1083 3620 intus
1100 3568 1159 3620 tabo
1173 3577 1200 3619 et

196 3660 265 3710 sanie
277 3658 602 3710 diffluentibus-Wssus.

248 3834 334 3888 Vnus.
349 3834 513 3885 9l.-Albent
524 3834 622 3894 lumina,
640 3834 768 3884 oculorum
781 3832 860 3883 tristis
875 3831 941 3896 rigor
952 3839 998 3891 est,
1016 3831 1131 3896 albugine
1144 3839 1198 3882 tau-

196 3932 251 3974 tum
273 3930 385 3981 extante,
411 3923 547 3986 eademque
568 3922 647 3972 livore
670 3921 772 3971 suffusa.
815 3920 927 3970 Nubibus
947 3927 1028 3983 poctae
1050 3918 1207 3978 foeditatem,

197 4010 333 4070 tristitiam,
345 4005 475 4075 ipsamque
487 4019 592 4062 mortem
606 4011 711 4076 signant.
750 4010 828 4075 Apud
850 4009 936 4062 Claud.
960 4008 993 4057 R.
1019 4008 1090 4056 Pros.
1113 4006 1134 4065 l,
1157 4009 1197 4066 81,

199 4100 317 4150 Plutonis
332 4109 405 4166 caput
418 4101 563 4150 maestissima
580 4101 652 4150 nubes
669 4107 772 4164 asperat.
810 4080 883 4162 Virg.
905 4098 937 4149 G.
957 4096 1009 4155 111,
1032 4098 1093 4147 52⁵³:
1122 4096 1199 4146 cardos

196 4197 283 4254 stupor
294 4198 361 4255 urget
373 4189 614 4241 inertes-Wuuus.
997 4251 1018 4292 H
1242 4226 1352 4460 r
