2798 4740
194 382 215 444 8
590 379 806 446 LECTORI.

193 565 323 643 notitia3
338 565 413 628 hinc
429 565 577 629 discimus
593 566 716 650 aliquid
735 566 883 650 amplius,
907 566 962 629 sed
983 566 1070 650 quod
1093 567 1200 651 ipsum

194 697 259 737 non
289 675 384 739 satiat
411 676 505 759 plene
536 677 633 753 sitim,
674 687 832 760 quantum
868 676 998 761 quidem
1029 678 1199 760 potuisset.

196 781 282 848 Quae
304 785 389 847 enim
409 785 473 847 illic
491 785 712 869 inexspectata
736 796 792 850 eut
812 787 922 869 ignota
941 786 1061 849 mentio
1082 786 1201 849 codicis

194 891 366 957 Vaticani?
409 893 597 957 Necessaria
625 905 710 972 sunt,
740 905 779 959 ut
807 895 913 959 omnia
939 895 1019 959 fiant
1045 895 1200 979 planiora,

192 1000 273 1085 ipsa,
303 1012 402 1084 prout
430 1002 617 1067 Sirmondus
644 1004 780 1087 scripsit,
811 1005 908 1067 verba
933 1003 1106 1067 doctissimi
1128 1003 1200 1080 viri,

194 1110 253 1173 ubi
282 1110 489 1174 recitationes
520 1111 635 1176 Romae
666 1112 737 1175 fieri
766 1114 867 1177 solitis
895 1114 930 1175 in
961 1113 1092 1177 diversis
1123 1113 1201 1178 foris

194 1241 383 1296 memorem,
406 1230 480 1303 post
504 1221 565 1284 elia
589 1222 712 1284 scribit:
746 1222 829 1285 “Dc
852 1222 921 1286 foro
946 1222 1074 1299 Martis,
1101 1221 1202 1285 index

197 1335 321 1393 “vetus
342 1329 505 1392 adnotatio
525 1330 559 1392 in
580 1331 686 1395 codice
703 1329 886 1414 Apuleiana
905 1330 1116 1395 Bibliothecae
1131 1330 1200 1395 Va·

196 1445 219 1474 “
235 1439 349 1502 ticanae
372 1439 423 1503 his
452 1440 571 1503 verbis:
603 1442 675 1525 Epo
703 1441 862 1504 Salustius
890 1442 953 1525 lapi
983 1451 1013 1505 et
1040 1442 1203 1505 emendavi

197 1555 219 1585 “
229 1552 340 1613 Roma
346 1549 494 1633 feliciter
508 1551 638 1634 Olybrio
654 1561 685 1614 et
699 1552 835 1615 Probino
850 1551 933 1614 Coss.
948 1554 981 1613 in
988 1552 1064 1633 soro
1078 1551 1203 1613 Martie

197 1660 477 1721 “controversiam
499 1659 678 1721 declamans
702 1661 822 1721 oratori
842 1659 1055 1722 Endelecbio:
1077 1661 1203 1722 Rursus

197 1769 512 1851 “Constantinopoli
541 1771 705 1853 recognovi
739 1769 877 1832 Caesario
913 1780 944 1832 et
972 1769 1082 1832 Attico
1117 1768 1201 1831 Coss.

199 1879 312 1944 “Quo
342 1902 385 1942 ex
412 1879 483 1943 loco
510 1890 667 1963 praeterea
692 1879 852 1955 docemur,
884 1902 949 1962 quo
978 1889 1121 1961 tempore
1152 1900 1204 1940 ca-

199 1994 221 2024 “
234 1989 379 2052 thedram
395 1989 510 2050 Romae
526 1988 667 2050 tenuerit
682 1987 898 2050 Endelechius
914 1987 1050 2063 Rhetor,
1066 1987 1126 2049 hoc
1142 1998 1202 2064 est,

198 2102 220 2132 “
235 2106 273 2159 ut
287 2097 492 2180 interpretor,
509 2096 644 2159 Severus
659 2096 795 2159 Sanctus
809 2096 1035 2174 Endelechius,
1052 2107 1158 2160 orator
1170 2108 1204 2162 et

202 2210 224 2239 “
236 2214 334 2288 poeta
352 2204 561 2281 Christianus
585 2205 676 2290 cujus
697 2215 788 2268 extat
803 2205 899 2268 breve
918 2227 1043 2268 carmen
1061 2206 1100 2268 de
1118 2229 1203 2268 mor-

200 2321 222 2354 “
233 2315 319 2379 tibus
329 2315 442 2377 boum:
455 2336 637 2398 quanquam
646 2314 750 2376 aetatis
759 2313 895 2377 alterurn
904 2324 972 2376 erat
981 2324 1204 2397 argumentum

201 2429 223 2459 “
237 2446 280 2486 ex
296 2422 442 2499 Paulin0,
467 2423 523 2507 qui
544 2422 743 2499 Endelechii,
767 2433 805 2486 ut
819 2422 912 2485 amici
927 2422 986 2498 sui,
1009 2423 1155 2486 meminit
1168 2423 1204 2486 in

79 2525 81 2529 ’
199 2538 221 2568 “
235 2532 328 2616 epist.
346 2552 384 2595 rx
399 2531 440 2596 ad
456 2530 619 2595 Severum.

265 2641 350 2706 Quae
374 2640 481 2704 nullus
503 2641 677 2704 diffiteatur
698 2663 765 2704 esse
790 2640 918 2723 egregia
938 2650 971 2702 et
995 2639 1118 2703 erudite
1140 2640 1204 2703 col-

198 2749 275 2824 lata,
304 2749 445 2811 simodo
466 2748 615 2831 progredi
640 2771 677 2810 eo
701 2770 803 2831 usque
827 2747 913 2823 licet,
944 2757 982 2809 ut
1003 2748 1075 2811 haec
1099 2749 1206 2812 omnia

198 2859 234 2921 in
250 2879 352 2922 unum
373 2857 575 2942 eundemque
598 2855 842 2932 Endelechium,
866 2855 1048 2938 etquidem
1067 2857 1101 2919 in
1117 2857 1205 2921 hunc

199 2970 306 3054 ipsmn
319 2968 431 3032 referri
443 2968 559 3032 debere
575 2989 768 3042 censeamus,
791 2988 892 3049 quum
905 2965 1013 3049 plures
1027 2966 1205 3030 eonomine

199 3101 267 3142 esse
288 3079 464 3162 potuerint,
489 3088 523 3139 et
540 3077 653 3159 utique
668 3076 702 3137 in
719 3074 769 3137 his
784 3083 935 3157 appareat
956 3074 1092 3137 alterum
1105 3073 1205 3139 fuisse

200 3187 328 3262 Romae,
367 3186 504 3249 alterum
532 3183 664 3245 fortasse
693 3203 758 3245 non
786 3182 898 3265 procul
924 3183 963 3244 ab
993 3182 1128 3244 armenti
1155 3184 1206 3246 sui

198 3294 334 3379 pascuis.
380 3293 496 3377 Itaque
519 3290 707 3354 Sirmondus
721 3291 898 3354 verecunde
922 3289 1112 3373 pronunciat
1136 3312 1205 3354 sese

198 3407 245 3469 ita
270 3402 491 3489 interpretari3
529 3410 563 3464 at
589 3399 669 3462 alter
694 3399 755 3464 iste
778 3400 966 3463 novissimus
993 3399 1205 3464 Bibliothecae

200 3525 325 3578 coactor
340 3513 476 3595 abrupte
491 3520 525 3572 et
539 3509 685 3585 absurde,
710 3509 796 3592 quod
809 3509 945 3591 ignorat,
971 3517 1005 3571 et
1019 3508 1205 3572 confirmare

199 3625 323 3710 nequit,
360 3624 454 3687 durat
483 3620 647 3685 adfirmare
677 3620 713 3682 Is
730 3628 797 3696 ‚esa
842 3618 970 3701 Nempe
1000 3618 1043 3681 sic
1073 3629 1206 3702 apparet

200 3734 363 3797 diversitas
377 3732 545 3816 geniorum
555 3730 590 3792 in
601 3729 794 3805 hominibus,
819 3729 879 3791 etsi
894 3728 980 3791 idem
993 3727 1122 3805 faciant,
1144 3729 1205 3794 hoc

199 3853 258 3918 est,
281 3842 420 3905 scribant
435 3841 610 3923 edantque3
640 3848 816 3902 tamenesse
833 3838 988 3922 quosdam
1006 3840 1217 3913 χαριεστέρους,

200 3973 301 4036 quum
312 3950 366 4013 alii
379 3952 454 4006 οὐδὲν
467 3950 548 4024 ὑγιές.
581 3947 633 4010 Ne
647 3948 750 4011 dicam
761 3968 812 4009 me
824 3947 955 4023 nescire,
972 3969 1037 4030 quo
1049 3945 1205 4008 instinctu

200 4060 254 4136 ille
270 4057 473 4142 Margarinus
489 4067 522 4121 et
539 4057 670 4142 perinde
689 4065 843 4141 sequutor
861 4056 930 4140 ejus
945 4077 1019 4121 cum
1035 4054 1205 4128 Sirmondo
1250 4081 1254 4088 ·
