2798 4740
303 400 305 404 ’
414 373 616 485 annuns
638 421 927 487 Buconicun.
1129 426 1171 490 aa

299 647 395 713 Nunc
410 660 516 715 totum
530 653 651 736 tegitur
665 655 830 721 funeribus
845 656 962 722 solum:

298 781 458 848 Inflantur
473 786 603 850 tumidis
618 810 749 873 corpora
762 791 939 855 ventribus:
1106 792 1149 855 90

297 883 422 981 Auens
435 919 574 984 lividulis
588 920 710 984 nmina
724 923 886 987 nubibus:-

557 1051 663 1119 Tenso
678 1077 770 1119 crura
784 1056 889 1139 rigent
902 1056 996 1142 pede.

296 1257 318 1321 J
318 1279 369 1320 am
383 1256 637 1322 circumvolitant
651 1259 777 1343 agmina
792 1260 932 1325 tristium

296 1390 512 1476 Dirarumque
527 1392 646 1456 avium:
665 1393 798 1476 jamque
813 1415 927 1457 canum
941 1415 1053 1478 greges

296 1526 455 1592 Insistunt
468 1526 579 1591 laceris
593 1527 766 1592 visceribus
779 1526 858 1606 frui3
1102 1529 1146 1592 95

555 1659 648 1724 Heu!
673 1681 729 1725 cur
743 1682 808 1724 non
824 1659 920 1723 etiam
933 1659 1034 1724 meis?

133 1933 141 1947 ,
188 1862 267 1928 AEe.
296 1862 470 1940 Quidnam,
494 1885 615 1947 quaes0,
639 1863 791 1946 quidest,
815 1862 1002 1946 quodvario
1015 1863 1110 1927 modo
1206 1956 1208 1960 .

59 2032 65 2036 ·
177 2068 178 2073 η
293 1996 411 2061 Fatum
425 1996 516 2060 triste
530 1996 617 2060 necis
632 1995 770 2060 transilit
781 1995 907 2074 alteroS,

209 2119 212 2127 ’
293 2127 484 2213 Affligitque
500 2129 598 2194 alios?
618 2129 672 2192 En
686 2130 747 2193 tibi
762 2129 894 2214 Tityrus

553 2263 646 2329 Salvo
660 2263 756 2328 laetus
771 2265 839 2348 agit
852 2267 963 2349 grege!
1084 2265 1145 2327 100

185 2468 269 2534 Buc.
294 2468 406 2553 ipsum
421 2480 584 2533 contueor.
629 2469 692 2533 Dic
708 2492 777 2553 age,
802 2469 925 2555 Tityre,

293 2604 376 2671 Quis
391 2613 424 2667 te
439 2605 593 2689 surripuit
607 2603 749 2669 cladibus
762 2605 812 2668 his
827 2605 938 2669 Deus?

291 2736 341 2800 Ut
353 2737 453 2822 pestis
466 2738 637 2823 pecudum,
661 2761 735 2823 quae
750 2739 904 2824 populata
918 2738 960 2802 sit

550 2871 693 2950 Vicinos,
716 2873 776 2936 tibi
789 2872 878 2936 nulla
892 2873 944 2937 sit.

183 3079 260 3144 Tm.
293 3079 438 3164 Signum,
462 3082 548 3164 quod
562 3080 733 3166 perhibent
747 3103 814 3144 esse
831 3079 942 3145 Crucis
957 3080 1033 3158 Dei,
1080 3080 1141 3144 105

289 3211 419 3296 Magnis
434 3212 491 3296 qui
506 3212 621 3276 colitur
635 3211 721 3276 solus
735 3211 769 3276 in
784 3213 929 3291 urbibus,

291 3345 448 3424 Christus,
470 3347 619 3431 perpetui
633 3346 734 3429 gloria
749 3344 911 3424 Numinis,
984 3326 987 3334 ‚

550 3477 650 3564 Cujus
664 3477 750 3542 filius
764 3479 888 3542 unicus·

288 3685 362 3752 Hoc
376 3688 512 3770 signum,
534 3686 647 3750 mediis
661 3683 819 3749 frontibus
834 3683 988 3761 additum,

289 3821 485 3885 Cunctarum
499 3821 659 3906 pecudum
673 3829 760 3883 certa
774 3819 858 3883 salus
871 3818 944 3883 fuit.
1079 3821 1140 3883 110

290 3954 343 4018 Sic
358 3976 432 4018 vero
447 3954 538 4018 Deus
549 3953 610 4016 hoc
625 3952 752 4015 nomine
766 3963 949 4038 praepotens

550 4086 693 4152 Salvator
708 4087 864 4152 vocitatus
879 4099 938 4152 est.

876 4240 900 4289 E
