<?xml version="1.0" encoding="UTF-8"?>
<!DOCTYPE html PUBLIC "-//W3C//DTD XHTML 1.0 Transitional//EN"
    "http://www.w3.org/TR/xhtml1/DTD/xhtml1-transitional.dtd">
<html xmlns="http://www.w3.org/1999/xhtml" xml:lang="en" lang="en">
 <head>
  <title>
</title>
<meta http-equiv="Content-Type" content="text/html;charset=utf-8" />
  <meta name='ocr-system' content='tesseract 3.04.00' />
  <meta name='ocr-capabilities' content='ocr_page ocr_carea ocr_par ocr_line ocrx_word'/>
</head>
<body>
  <div class='ocr_page' id='page_1' title='image "./severisanctiend00gilegoog_0056.png"; bbox 0 0 2798 4740; ppageno 0'>
   <div class='ocr_carea' id='block_1_1' title="bbox 623 427 1178 490">
    <p class='ocr_par' dir='ltr' id='par_1_1' title="bbox 623 427 1178 490">
     <span class='ocr_line' id='line_1_1' title="bbox 623 427 1178 490; baseline 0.013 -7"><span class='ocrx_word' id='word_1_1' title='bbox 623 441 736 485; x_wconf 74' lang='lat' dir='ltr'><strong>norm.</strong></span> <span class='ocrx_word' id='word_1_2' title='bbox 980 464 982 477; x_wconf 61' lang='grc' dir='ltr'>ι</span> <span class='ocrx_word' id='word_1_3' title='bbox 1135 427 1178 490; x_wconf 76' lang='lat' dir='ltr'><strong>te</strong></span> 
     </span>
    </p>
   </div>
   <div class='ocr_carea' id='block_1_2' title="bbox 166 597 1179 1291">
    <p class='ocr_par' dir='ltr' id='par_1_2' title="bbox 166 597 1179 1291">
     <span class='ocr_line' id='line_1_2' title="bbox 171 597 1179 670; baseline 0.014 -24"><span class='ocrx_word' id='word_1_4' title='bbox 171 597 217 648; x_wconf 85' lang='lat' dir='ltr'><strong>lib.</strong></span> <span class='ocrx_word' id='word_1_5' title='bbox 228 599 251 649; x_wconf 85' lang='lat'><strong>4.</strong></span> <span class='ocrx_word' id='word_1_6' title='bbox 272 597 346 662; x_wconf 81' lang='lat' dir='ltr'><strong>epist.</strong></span> <span class='ocrx_word' id='word_1_7' title='bbox 362 600 416 650; x_wconf 88' lang='grc'>110.</span> <span class='ocrx_word' id='word_1_8' title='bbox 436 601 459 651; x_wconf 77' lang='grc' dir='ltr'><strong>οἱ</strong></span> <span class='ocrx_word' id='word_1_9' title='bbox 475 604 523 667; x_wconf 80' lang='grc' dir='ltr'>μὲν</span> <span class='ocrx_word' id='word_1_10' title='bbox 535 605 586 670; x_wconf 80' lang='grc' dir='ltr'><strong>γὰρ</strong></span> <span class='ocrx_word' id='word_1_11' title='bbox 601 604 717 668; x_wconf 81' lang='grc' dir='ltr'>βοῶντες</span> <span class='ocrx_word' id='word_1_12' title='bbox 732 605 774 653; x_wconf 72' lang='grc' dir='ltr'><strong>καὶ</strong></span> <span class='ocrx_word' id='word_1_13' title='bbox 790 605 856 670; x_wconf 81' lang='grc' dir='ltr'>πρὸς</span> <span class='ocrx_word' id='word_1_14' title='bbox 873 607 934 664; x_wconf 75' lang='grc' dir='ltr'>τοὺς</span> <span class='ocrx_word' id='word_1_15' title='bbox 950 604 1032 666; x_wconf 76' lang='grc' dir='ltr'>πόλας</span> <span class='ocrx_word' id='word_1_16' title='bbox 1047 609 1076 656; x_wconf 85' lang='grc' dir='ltr'><strong>τὸ</strong></span> <span class='ocrx_word' id='word_1_17' title='bbox 1093 609 1179 669; x_wconf 76' lang='grc' dir='ltr'>παθός</span> 
     </span>
     <span class='ocr_line' id='line_1_3' title="bbox 166 687 1178 762; baseline 0.012 -26"><span class='ocrx_word' id='word_1_18' title='bbox 166 687 327 754; x_wconf 68' lang='grc' dir='ltr'>ΐκρέροντες,</span> <span class='ocrx_word' id='word_1_19' title='bbox 338 689 471 756; x_wconf 80' lang='grc' dir='ltr'>οὐμικρόν</span> <span class='ocrx_word' id='word_1_20' title='bbox 481 691 648 757; x_wconf 81' lang='grc' dir='ltr'>λαμβάνουσι</span> <span class='ocrx_word' id='word_1_21' title='bbox 660 695 706 742; x_wconf 82' lang='grc' dir='ltr'><strong>τοῦ</strong></span> <span class='ocrx_word' id='word_1_22' title='bbox 716 691 819 751; x_wconf 61' lang='grc' dir='ltr'>πάθους</span> <span class='ocrx_word' id='word_1_23' title='bbox 827 693 1019 759; x_wconf 65' lang='grc' dir='ltr'>παραμόθειαν.</span> <span class='ocrx_word' id='word_1_24' title='bbox 1034 696 1178 762; x_wconf 74' lang='grc' dir='ltr'>κουφίζεται</span> 
     </span>
     <span class='ocr_line' id='line_1_4' title="bbox 171 777 1177 845; baseline 0.011 -20"><span class='ocrx_word' id='word_1_25' title='bbox 171 777 222 842; x_wconf 79' lang='grc' dir='ltr'><strong>γὰρ</strong></span> <span class='ocrx_word' id='word_1_26' title='bbox 235 777 336 843; x_wconf 79' lang='grc' dir='ltr'>τρόπον</span> <span class='ocrx_word' id='word_1_27' title='bbox 350 781 410 830; x_wconf 80' lang='grc' dir='ltr'>τινὰ</span> <span class='ocrx_word' id='word_1_28' title='bbox 424 783 457 845; x_wconf 73' lang='grc' dir='ltr'><strong>τῇ</strong></span> <span class='ocrx_word' id='word_1_29' title='bbox 473 779 591 845; x_wconf 76' lang='grc' dir='ltr'>διηγήσει</span> <span class='ocrx_word' id='word_1_30' title='bbox 605 782 638 831; x_wconf 81' lang='grc' dir='ltr'><strong>τά</strong></span> <span class='ocrx_word' id='word_1_31' title='bbox 653 782 736 843; x_wconf 65' lang='grc' dir='ltr'>παθη.</span> <span class='ocrx_word' id='word_1_32' title='bbox 775 781 899 845; x_wconf 78' lang='lat' dir='ltr'><strong>Pariaque</strong></span> <span class='ocrx_word' id='word_1_33' title='bbox 912 782 952 832; x_wconf 81' lang='lat' dir='ltr'><strong>his</strong></span> <span class='ocrx_word' id='word_1_34' title='bbox 967 781 1121 835; x_wconf 82' lang='lat' dir='ltr'>Heliodorus</span> <span class='ocrx_word' id='word_1_35' title='bbox 1131 783 1177 836; x_wconf 84' lang='lat' dir='ltr'><strong>lib.</strong></span> 
     </span>
     <span class='ocr_line' id='line_1_5' title="bbox 171 863 1178 935; baseline 0.01 -23"><span class='ocrx_word' id='word_1_36' title='bbox 171 863 196 912; x_wconf 76' lang='lat' dir='ltr'><strong>d.</strong></span> <span class='ocrx_word' id='word_1_37' title='bbox 205 864 263 930; x_wconf 79' lang='grc' dir='ltr'>λέγε</span> <span class='ocrx_word' id='word_1_38' title='bbox 273 866 440 931; x_wconf 55' lang='lat' dir='ltr'><strong>Supprimere,</strong></span> <span class='ocrx_word' id='word_1_39' title='bbox 452 866 515 933; x_wconf 82' lang='grc' dir='ltr'>μηδὲ</span> <span class='ocrx_word' id='word_1_40' title='bbox 527 868 635 934; x_wconf 81' lang='grc' dir='ltr'>χορὴγει</span> <span class='ocrx_word' id='word_1_41' title='bbox 644 866 681 933; x_wconf 72' lang='grc' dir='ltr'><strong>τῷ</strong></span> <span class='ocrx_word' id='word_1_42' title='bbox 692 869 823 918; x_wconf 84' lang='grc' dir='ltr'>λυποῦντι</span> <span class='ocrx_word' id='word_1_43' title='bbox 831 866 938 935; x_wconf 76' lang='grc' dir='ltr'>μέγεθος</span> <span class='ocrx_word' id='word_1_44' title='bbox 947 876 1078 921; x_wconf 84' lang='grc' dir='ltr'>σιωπῶσα.</span> <span class='ocrx_word' id='word_1_45' title='bbox 1093 871 1178 931; x_wconf 80' lang='grc' dir='ltr'>πάθος</span> 
     </span>
     <span class='ocr_line' id='line_1_6' title="bbox 172 955 1176 1025; baseline 0.006 -22"><span class='ocrx_word' id='word_1_46' title='bbox 172 955 223 1019; x_wconf 84' lang='grc' dir='ltr'><strong>γὰρ</strong></span> <span class='ocrx_word' id='word_1_47' title='bbox 243 955 319 1005; x_wconf 81' lang='grc' dir='ltr'>όπαν</span> <span class='ocrx_word' id='word_1_48' title='bbox 339 957 436 1021; x_wconf 84' lang='grc' dir='ltr'>τὸμὲν</span> <span class='ocrx_word' id='word_1_49' title='bbox 457 955 535 1015; x_wconf 77' lang='grc' dir='ltr'>ὀξέως</span> <span class='ocrx_word' id='word_1_50' title='bbox 557 956 757 1023; x_wconf 79' lang='grc' dir='ltr'>γινωσκόμενον,</span> <span class='ocrx_word' id='word_1_51' title='bbox 786 956 960 1018; x_wconf 64' lang='grc' dir='ltr'>εκὲοήθητον·</span> <span class='ocrx_word' id='word_1_52' title='bbox 992 960 1021 1008; x_wconf 86' lang='grc' dir='ltr'><strong>τὸ</strong></span> <span class='ocrx_word' id='word_1_53' title='bbox 1039 958 1064 1008; x_wconf 82' lang='grc' dir='ltr'><strong>δὲ</strong></span> <span class='ocrx_word' id='word_1_54' title='bbox 1083 959 1176 1025; x_wconf 79' lang='grc' dir='ltr'>χρόνῳ</span> 
     </span>
     <span class='ocr_line' id='line_1_7' title="bbox 172 1045 1176 1112; baseline 0.004 -18"><span class='ocrx_word' id='word_1_55' title='bbox 172 1045 423 1112; x_wconf 83' lang='grc' dir='ltr'>παραπεμπόμενον,</span> <span class='ocrx_word' id='word_1_56' title='bbox 443 1047 521 1112; x_wconf 78' lang='grc' dir='ltr'><strong><em>ἔγγὺς</em></strong></span> <span class='ocrx_word' id='word_1_57' title='bbox 538 1045 658 1098; x_wconf 81' lang='grc' dir='ltr'>ἀνίατον.</span> <span class='ocrx_word' id='word_1_58' title='bbox 679 1047 760 1112; x_wconf 74' lang='grc' dir='ltr'>τροφὴ</span> <span class='ocrx_word' id='word_1_59' title='bbox 778 1047 829 1112; x_wconf 79' lang='grc' dir='ltr'><strong>γὰρ</strong></span> <span class='ocrx_word' id='word_1_60' title='bbox 848 1046 935 1098; x_wconf 86' lang='grc' dir='ltr'>νόσων</span> <span class='ocrx_word' id='word_1_61' title='bbox 952 1047 969 1108; x_wconf 79' lang='grc' dir='ltr'><em>ἡ</em></span> <span class='ocrx_word' id='word_1_62' title='bbox 985 1051 1081 1110; x_wconf 65' lang='lat' dir='ltr'><strong>uturp·</strong></span> <span class='ocrx_word' id='word_1_63' title='bbox 1105 1051 1135 1099; x_wconf 87' lang='grc' dir='ltr'><strong>τὸ</strong></span> <span class='ocrx_word' id='word_1_64' title='bbox 1150 1048 1176 1100; x_wconf 67' lang='lat' dir='ltr'><strong>dt</strong></span> 
     </span>
     <span class='ocr_line' id='line_1_8' title="bbox 172 1131 1175 1200; baseline 0.007 -20"><span class='ocrx_word' id='word_1_65' title='bbox 172 1131 376 1199; x_wconf 74' lang='grc' dir='ltr'>ἐπικαλούμενον,</span> <span class='ocrx_word' id='word_1_66' title='bbox 385 1135 617 1200; x_wconf 65' lang='grc' dir='ltr'>εὐπαραμύθητον.</span> <span class='ocrx_word' id='word_1_67' title='bbox 647 1134 682 1187; x_wconf 87' lang='lat' dir='ltr'><strong>V.</strong></span> <span class='ocrx_word' id='word_1_68' title='bbox 696 1133 729 1184; x_wconf 89' lang='lat' dir='ltr'><strong>N.</strong></span> <span class='ocrx_word' id='word_1_69' title='bbox 740 1135 765 1184; x_wconf 82' lang='lat'><strong>5.</strong></span> <span class='ocrx_word' id='word_1_70' title='bbox 782 1133 861 1185; x_wconf 82' lang='lat' dir='ltr'><strong>Trist.</strong></span> <span class='ocrx_word' id='word_1_71' title='bbox 870 1135 967 1185; x_wconf 85' lang='lat' dir='ltr'>1.-W.</span> <span class='ocrx_word' id='word_1_72' title='bbox 1005 1136 1081 1187; x_wconf 87' lang='lat' dir='ltr'><strong>Ovid.</strong></span> <span class='ocrx_word' id='word_1_73' title='bbox 1095 1136 1175 1188; x_wconf 87' lang='lat' dir='ltr'><strong>Trist.</strong></span> 
     </span>
     <span class='ocr_line' id='line_1_9' title="bbox 175 1220 1047 1291; baseline 0 -16"><span class='ocrx_word' id='word_1_74' title='bbox 175 1220 210 1281; x_wconf 88' lang='lat' dir='ltr'><strong>V,</strong></span> <span class='ocrx_word' id='word_1_75' title='bbox 227 1235 245 1283; x_wconf 90' lang='lat'><strong>1,</strong></span> <span class='ocrx_word' id='word_1_76' title='bbox 262 1223 308 1274; x_wconf 72' lang='lat'><strong>⁵9:</strong></span> <span class='ocrx_word' id='word_1_77' title='bbox 332 1223 381 1274; x_wconf 81' lang='lat' dir='ltr'><strong>Est</strong></span> <span class='ocrx_word' id='word_1_78' title='bbox 392 1223 484 1289; x_wconf 81' lang='lat' dir='ltr'><strong>aliquid</strong></span> <span class='ocrx_word' id='word_1_79' title='bbox 489 1223 570 1291; x_wconf 80' lang='lat' dir='ltr'><strong>fatale</strong></span> <span class='ocrx_word' id='word_1_80' title='bbox 581 1224 665 1274; x_wconf 84' lang='lat' dir='ltr'><strong>malum</strong></span> <span class='ocrx_word' id='word_1_81' title='bbox 673 1241 720 1289; x_wconf 88' lang='lat' dir='ltr'><strong>per</strong></span> <span class='ocrx_word' id='word_1_82' title='bbox 730 1224 802 1275; x_wconf 81' lang='lat' dir='ltr'><strong>verba</strong></span> <span class='ocrx_word' id='word_1_83' title='bbox 812 1223 1047 1276; x_wconf 76' lang='lat' dir='ltr'><strong>levare-Wnnus</strong></span> 
     </span>
    </p>
   </div>
   <div class='ocr_carea' id='block_1_3' title="bbox 222 1397 1172 1466">
    <p class='ocr_par' dir='ltr' id='par_1_3' title="bbox 222 1397 1172 1466">
     <span class='ocr_line' id='line_1_10' title="bbox 222 1397 1172 1466; baseline 0.001 -15"><span class='ocrx_word' id='word_1_84' title='bbox 222 1397 308 1451; x_wconf 72' lang='lat' dir='ltr'><strong>Vsus·</strong></span> <span class='ocrx_word' id='word_1_85' title='bbox 318 1399 515 1466; x_wconf 66' lang='lat' dir='ltr'><strong>la-Greprdue</strong></span> <span class='ocrx_word' id='word_1_86' title='bbox 519 1401 627 1466; x_wconf 74' lang='lat' dir='ltr'><strong>poterin]</strong></span> <span class='ocrx_word' id='word_1_87' title='bbox 638 1399 790 1465; x_wconf 78' lang='grc' dir='ltr'>πολόμηλός</span> <span class='ocrx_word' id='word_1_88' title='bbox 799 1402 822 1452; x_wconf 82' lang='grc' dir='ltr'><strong>τ’</strong></span> <span class='ocrx_word' id='word_1_89' title='bbox 829 1400 932 1466; x_wconf 76' lang='grc' dir='ltr'>ἀφνειός</span> <span class='ocrx_word' id='word_1_90' title='bbox 939 1418 974 1451; x_wconf 85' lang='grc' dir='ltr'><strong>τε.</strong></span> <span class='ocrx_word' id='word_1_91' title='bbox 987 1399 1172 1453; x_wconf 85' lang='lat' dir='ltr'><strong>Hesiod-W.</strong></span> 
     </span>
    </p>
   </div>
   <div class='ocr_carea' id='block_1_4' title="bbox 160 1572 1175 2255">
    <p class='ocr_par' dir='ltr' id='par_1_4' title="bbox 160 1572 1175 2255">
     <span class='ocr_line' id='line_1_11' title="bbox 222 1572 1172 1641; baseline 0.003 -16"><span class='ocrx_word' id='word_1_92' title='bbox 222 1572 307 1625; x_wconf 75' lang='lat' dir='ltr'><strong>Vens.</strong></span> <span class='ocrx_word' id='word_1_93' title='bbox 316 1572 507 1625; x_wconf 83' lang='grc' dir='ltr'>15.-Οοαοουο</span> <span class='ocrx_word' id='word_1_94' title='bbox 516 1573 612 1641; x_wconf 72' lang='lat' dir='ltr'><strong>eadum]</strong></span> <span class='ocrx_word' id='word_1_95' title='bbox 631 1573 771 1624; x_wconf 90' lang='lat' dir='ltr'><strong>Prudentio</strong></span> <span class='ocrx_word' id='word_1_96' title='bbox 777 1575 888 1625; x_wconf 80' lang='lat' dir='ltr'><strong>montium</strong></span> <span class='ocrx_word' id='word_1_97' title='bbox 895 1573 1045 1626; x_wconf 77' lang='lat' dir='ltr'><strong>convallium</strong></span> <span class='ocrx_word' id='word_1_98' title='bbox 1056 1574 1172 1628; x_wconf 76' lang='lat' dir='ltr'><strong>Romano</strong></span> 
     </span>
     <span class='ocr_line' id='line_1_12' title="bbox 171 1661 1175 1725; baseline 0.004 -15"><span class='ocrx_word' id='word_1_99' title='bbox 171 1675 195 1710; x_wconf 82' lang='lat' dir='ltr'><strong>v.</strong></span> <span class='ocrx_word' id='word_1_100' title='bbox 209 1661 265 1711; x_wconf 78' lang='lat'><strong>331.</strong></span> <span class='ocrx_word' id='word_1_101' title='bbox 287 1661 392 1725; x_wconf 86' lang='lat' dir='ltr'><strong>Apulei.</strong></span> <span class='ocrx_word' id='word_1_102' title='bbox 408 1662 453 1713; x_wconf 92' lang='lat' dir='ltr'><strong>lib.</strong></span> <span class='ocrx_word' id='word_1_103' title='bbox 466 1677 485 1712; x_wconf 93' lang='lat'><strong>1.</strong></span> <span class='ocrx_word' id='word_1_104' title='bbox 508 1661 616 1714; x_wconf 73' lang='lat' dir='ltr'><strong>Metam.</strong></span> <span class='ocrx_word' id='word_1_105' title='bbox 649 1662 738 1713; x_wconf 80' lang='lat' dir='ltr'><strong>Ardua</strong></span> <span class='ocrx_word' id='word_1_106' title='bbox 752 1663 870 1722; x_wconf 77' lang='lat' dir='ltr'><strong>montium,</strong></span> <span class='ocrx_word' id='word_1_107' title='bbox 888 1671 912 1713; x_wconf 78' lang='lat' dir='ltr'><strong>et</strong></span> <span class='ocrx_word' id='word_1_108' title='bbox 926 1662 1016 1714; x_wconf 80' lang='grc' dir='ltr'>Ιυότίοσ</span> <span class='ocrx_word' id='word_1_109' title='bbox 1032 1663 1134 1724; x_wconf 79' lang='lat' dir='ltr'><strong>vallium,</strong></span> <span class='ocrx_word' id='word_1_110' title='bbox 1151 1671 1175 1714; x_wconf 87' lang='lat' dir='ltr'><strong>et</strong></span> 
     </span>
     <span class='ocr_line' id='line_1_13' title="bbox 169 1749 1172 1818; baseline 0.002 -19"><span class='ocrx_word' id='word_1_111' title='bbox 169 1749 264 1800; x_wconf 77' lang='lat' dir='ltr'><strong>roseida</strong></span> <span class='ocrx_word' id='word_1_112' title='bbox 275 1752 404 1817; x_wconf 76' lang='lat' dir='ltr'><strong>cespitum,</strong></span> <span class='ocrx_word' id='word_1_113' title='bbox 419 1760 443 1801; x_wconf 83' lang='lat' dir='ltr'><strong>et</strong></span> <span class='ocrx_word' id='word_1_114' title='bbox 454 1751 549 1818; x_wconf 82' lang='lat' dir='ltr'><strong>pleboen</strong></span> <span class='ocrx_word' id='word_1_115' title='bbox 557 1769 700 1818; x_wconf 85' lang='lat' dir='ltr'><strong>camporum,</strong></span> <span class='ocrx_word' id='word_1_116' title='bbox 717 1751 787 1816; x_wconf 74' lang='lat' dir='ltr'><strong>dixit,</strong></span> <span class='ocrx_word' id='word_1_117' title='bbox 801 1751 857 1802; x_wconf 85' lang='lat' dir='ltr'><strong>vide</strong></span> <span class='ocrx_word' id='word_1_118' title='bbox 867 1751 994 1805; x_wconf 88' lang='lat' dir='ltr'><strong>Vechner.</strong></span> <span class='ocrx_word' id='word_1_119' title='bbox 1010 1750 1172 1802; x_wconf 78' lang='lat' dir='ltr'><strong>Hellenolex.</strong></span> 
     </span>
     <span class='ocr_line' id='line_1_14' title="bbox 170 1838 1173 1905; baseline 0 -18"><span class='ocrx_word' id='word_1_120' title='bbox 170 1851 189 1886; x_wconf 82' lang='lat'><strong>1.</strong></span> <span class='ocrx_word' id='word_1_121' title='bbox 213 1853 235 1888; x_wconf 86' lang='lat' dir='ltr'><strong>e.</strong></span> <span class='ocrx_word' id='word_1_122' title='bbox 256 1839 280 1888; x_wconf 77' lang='lat'><strong>4.</strong></span> <span class='ocrx_word' id='word_1_123' title='bbox 320 1839 415 1890; x_wconf 80' lang='lat' dir='ltr'>Seneca</span> <span class='ocrx_word' id='word_1_124' title='bbox 437 1839 538 1905; x_wconf 84' lang='lat' dir='ltr'><strong>Oedipo</strong></span> <span class='ocrx_word' id='word_1_125' title='bbox 560 1857 584 1892; x_wconf 88' lang='lat' dir='ltr'><strong>v.</strong></span> <span class='ocrx_word' id='word_1_126' title='bbox 608 1841 666 1892; x_wconf 85' lang='grc'>569.</span> <span class='ocrx_word' id='word_1_127' title='bbox 709 1839 789 1892; x_wconf 77' lang='lat' dir='ltr'><strong>Valles</strong></span> <span class='ocrx_word' id='word_1_128' title='bbox 810 1857 884 1891; x_wconf 80' lang='lat' dir='ltr'><strong>caece.</strong></span> <span class='ocrx_word' id='word_1_129' title='bbox 926 1838 1032 1890; x_wconf 88' lang='lat' dir='ltr'><strong>Homer.</strong></span> <span class='ocrx_word' id='word_1_130' title='bbox 1055 1839 1124 1904; x_wconf 91' lang='lat' dir='ltr'><strong>hym.</strong></span> <span class='ocrx_word' id='word_1_131' title='bbox 1145 1838 1173 1888; x_wconf 90' lang='lat' dir='ltr'><strong>in</strong></span> 
     </span>
     <span class='ocr_line' id='line_1_15' title="bbox 173 1924 1174 1993; baseline 0.001 -19"><span class='ocrx_word' id='word_1_132' title='bbox 173 1924 289 1988; x_wconf 85' lang='lat' dir='ltr'><strong>Apollin.</strong></span> <span class='ocrx_word' id='word_1_133' title='bbox 304 1941 328 1976; x_wconf 86' lang='lat' dir='ltr'><strong>v.</strong></span> <span class='ocrx_word' id='word_1_134' title='bbox 345 1928 402 1979; x_wconf 69' lang='lat'>284.</span> <span class='ocrx_word' id='word_1_135' title='bbox 425 1928 518 1993; x_wconf 79' lang='grc' dir='ltr'>βῆσσα</span> <span class='ocrx_word' id='word_1_136' title='bbox 531 1929 614 1992; x_wconf 82' lang='grc' dir='ltr'>κοίλη.</span> <span class='ocrx_word' id='word_1_137' title='bbox 649 1928 763 1980; x_wconf 81' lang='lat' dir='ltr'>Observa</span> <span class='ocrx_word' id='word_1_138' title='bbox 776 1935 860 1978; x_wconf 83' lang='lat' dir='ltr'><strong>sutem</strong></span> <span class='ocrx_word' id='word_1_139' title='bbox 877 1926 919 1977; x_wconf 88' lang='lat' dir='ltr'><strong>hic</strong></span> <span class='ocrx_word' id='word_1_140' title='bbox 934 1925 1131 1991; x_wconf 86' lang='lat' dir='ltr'><strong>complosionem</strong></span> <span class='ocrx_word' id='word_1_141' title='bbox 1146 1933 1174 1976; x_wconf 89' lang='lat' dir='ltr'><strong>et</strong></span> 
     </span>
     <span class='ocr_line' id='line_1_16' title="bbox 170 2011 1172 2082; baseline 0.002 -19"><span class='ocrx_word' id='word_1_142' title='bbox 170 2011 370 2076; x_wconf 68' lang='lat' dir='ltr'><strong>armentionem,</strong></span> <span class='ocrx_word' id='word_1_143' title='bbox 390 2033 422 2066; x_wconf 86' lang='grc' dir='ltr'><strong>υσ</strong></span> <span class='ocrx_word' id='word_1_144' title='bbox 434 2015 486 2076; x_wconf 82' lang='lat' dir='ltr'><strong>eal‚·</strong></span> <span class='ocrx_word' id='word_1_145' title='bbox 510 2025 540 2068; x_wconf 89' lang='lat' dir='ltr'><strong>ut</strong></span> <span class='ocrx_word' id='word_1_146' title='bbox 554 2025 581 2068; x_wconf 89' lang='lat' dir='ltr'><strong>et</strong></span> <span class='ocrx_word' id='word_1_147' title='bbox 595 2032 619 2068; x_wconf 90' lang='lat' dir='ltr'><strong>v.</strong></span> <span class='ocrx_word' id='word_1_148' title='bbox 636 2017 677 2068; x_wconf 82' lang='lat'><strong>30.</strong></span> <span class='ocrx_word' id='word_1_149' title='bbox 690 2017 738 2082; x_wconf 83' lang='lat' dir='ltr'><strong>pit,</strong></span> <span class='ocrx_word' id='word_1_150' title='bbox 754 2015 788 2067; x_wconf 81' lang='lat' dir='ltr'><strong>id.</strong></span> <span class='ocrx_word' id='word_1_151' title='bbox 805 2013 877 2080; x_wconf 89' lang='lat' dir='ltr'><strong>cujus</strong></span> <span class='ocrx_word' id='word_1_152' title='bbox 892 2015 1007 2081; x_wconf 84' lang='lat' dir='ltr'><strong>exempla</strong></span> <span class='ocrx_word' id='word_1_153' title='bbox 1022 2014 1138 2080; x_wconf 83' lang='lat' dir='ltr'><strong>congessi</strong></span> <span class='ocrx_word' id='word_1_154' title='bbox 1152 2031 1172 2065; x_wconf 89' lang='lat'><strong>1.</strong></span> 
     </span>
     <span class='ocr_line' id='line_1_17' title="bbox 172 2100 1172 2172; baseline 0.002 -21"><span class='ocrx_word' id='word_1_155' title='bbox 172 2100 249 2154; x_wconf 80' lang='lat' dir='ltr'><strong>Pont.</strong></span> <span class='ocrx_word' id='word_1_156' title='bbox 263 2118 281 2154; x_wconf 93' lang='lat'><strong>1.</strong></span> <span class='ocrx_word' id='word_1_157' title='bbox 300 2120 325 2155; x_wconf 87' lang='grc' dir='ltr'><strong>υ.</strong></span> <span class='ocrx_word' id='word_1_158' title='bbox 339 2106 445 2157; x_wconf 80' lang='lat' dir='ltr'><strong>4.-w.</strong></span> <span class='ocrx_word' id='word_1_159' title='bbox 482 2105 600 2156; x_wconf 80' lang='lat' dir='ltr'><strong>Rescribi</strong></span> <span class='ocrx_word' id='word_1_160' title='bbox 616 2113 732 2171; x_wconf 83' lang='lat' dir='ltr'><strong>oportere</strong></span> <span class='ocrx_word' id='word_1_161' title='bbox 749 2103 892 2172; x_wconf 72' lang='lat' dir='ltr'><strong>complerint,</strong></span> <span class='ocrx_word' id='word_1_162' title='bbox 914 2103 955 2156; x_wconf 87' lang='lat' dir='ltr'><strong>vel</strong></span> <span class='ocrx_word' id='word_1_163' title='bbox 972 2103 1127 2170; x_wconf 74' lang='lat' dir='ltr'><strong>premissum</strong></span> <span class='ocrx_word' id='word_1_164' title='bbox 1142 2104 1172 2154; x_wconf 80' lang='grc' dir='ltr'><strong>τὸ</strong></span> 
     </span>
     <span class='ocr_line' id='line_1_18' title="bbox 160 2191 696 2255; baseline 0.007 -12"><span class='ocrx_word' id='word_1_165' title='bbox 160 2191 253 2255; x_wconf 59' lang='grc' dir='ltr'>βιαίου</span> <span class='ocrx_word' id='word_1_166' title='bbox 265 2193 385 2245; x_wconf 82' lang='lat' dir='ltr'><strong>ostendit</strong></span> <span class='ocrx_word' id='word_1_167' title='bbox 417 2193 696 2248; x_wconf 64' lang='lat' dir='ltr'><strong>titivm-wirma.</strong></span> 
     </span>
    </p>
   </div>
   <div class='ocr_carea' id='block_1_5' title="bbox 212 2336 1169 2440">
    <p class='ocr_par' dir='ltr' id='par_1_5' title="bbox 212 2336 1169 2440">
     <span class='ocr_line' id='line_1_19' title="bbox 212 2336 1169 2440; baseline -0.004 -14"><span class='ocrx_word' id='word_1_168' title='bbox 212 2336 587 2440; x_wconf 68' lang='lat' dir='ltr'><strong>⁸Viros.16.-an‹rrnontr&#39;mn]</strong></span> <span class='ocrx_word' id='word_1_169' title='bbox 606 2371 691 2426; x_wconf 66' lang='grc' dir='ltr'>(λοσε,</span> <span class='ocrx_word' id='word_1_170' title='bbox 703 2372 827 2440; x_wconf 83' lang='grc' dir='ltr'>άκρόρεια</span> <span class='ocrx_word' id='word_1_171' title='bbox 835 2373 919 2440; x_wconf 82' lang='grc' dir='ltr'>όρους,</span> <span class='ocrx_word' id='word_1_172' title='bbox 929 2371 1169 2439; x_wconf 61' lang='lat' dir='ltr'><strong>sodomum-W.</strong></span> 
     </span>
    </p>
   </div>
   <div class='ocr_carea' id='block_1_6' title="bbox 168 2544 1173 2970">
    <p class='ocr_par' dir='ltr' id='par_1_6' title="bbox 168 2544 1173 2970">
     <span class='ocr_line' id='line_1_20' title="bbox 219 2544 1173 2617; baseline -0.007 -16"><span class='ocrx_word' id='word_1_173' title='bbox 219 2546 492 2616; x_wconf 70' lang='lat' dir='ltr'><strong>Vens.17.-Lapsae]</strong></span> <span class='ocrx_word' id='word_1_174' title='bbox 512 2549 604 2601; x_wconf 83' lang='lat' dir='ltr'><strong>Malim</strong></span> <span class='ocrx_word' id='word_1_175' title='bbox 612 2549 689 2617; x_wconf 81' lang='lat' dir='ltr'><strong>lapsa.</strong></span> <span class='ocrx_word' id='word_1_176' title='bbox 711 2550 754 2602; x_wconf 86' lang='lat' dir='ltr'><strong>Sic</strong></span> <span class='ocrx_word' id='word_1_177' title='bbox 763 2550 829 2601; x_wconf 88' lang='lat' dir='ltr'><strong>enim</strong></span> <span class='ocrx_word' id='word_1_178' title='bbox 838 2566 926 2600; x_wconf 87' lang='lat' dir='ltr'><strong>sensus</strong></span> <span class='ocrx_word' id='word_1_179' title='bbox 937 2549 1063 2613; x_wconf 90' lang='lat' dir='ltr'><strong>liquidior.</strong></span> <span class='ocrx_word' id='word_1_180' title='bbox 1090 2545 1128 2596; x_wconf 92' lang='lat' dir='ltr'><strong>Et</strong></span> <span class='ocrx_word' id='word_1_181' title='bbox 1136 2544 1173 2594; x_wconf 81' lang='lat' dir='ltr'><strong>ite</strong></span> 
     </span>
     <span class='ocr_line' id='line_1_21' title="bbox 168 2633 1171 2700; baseline 0.001 -18"><span class='ocrx_word' id='word_1_182' title='bbox 168 2633 217 2699; x_wconf 78' lang='lat' dir='ltr'><strong>legi</strong></span> <span class='ocrx_word' id='word_1_183' title='bbox 228 2634 257 2685; x_wconf 93' lang='lat' dir='ltr'><strong>in</strong></span> <span class='ocrx_word' id='word_1_184' title='bbox 264 2635 301 2690; x_wconf 84' lang='lat' dir='ltr'><strong>V.</strong></span> <span class='ocrx_word' id='word_1_185' title='bbox 313 2636 343 2688; x_wconf 86' lang='lat' dir='ltr'><strong>C.</strong></span> <span class='ocrx_word' id='word_1_186' title='bbox 357 2646 503 2688; x_wconf 70' lang='lat' dir='ltr'><strong>annotatum</strong></span> <span class='ocrx_word' id='word_1_187' title='bbox 513 2646 553 2689; x_wconf 87' lang='lat' dir='ltr'><strong>est</strong></span> <span class='ocrx_word' id='word_1_188' title='bbox 562 2639 590 2688; x_wconf 92' lang='lat' dir='ltr'><strong>in</strong></span> <span class='ocrx_word' id='word_1_189' title='bbox 601 2639 711 2690; x_wconf 81' lang='lat' dir='ltr'><strong>editione</strong></span> <span class='ocrx_word' id='word_1_190' title='bbox 722 2639 787 2690; x_wconf 80' lang='lat' dir='ltr'><strong>Ant.</strong></span> <span class='ocrx_word' id='word_1_191' title='bbox 801 2638 992 2692; x_wconf 77' lang='lat' dir='ltr'><strong>Candidi-W.</strong></span> <span class='ocrx_word' id='word_1_192' title='bbox 1016 2637 1090 2688; x_wconf 83' lang='lat' dir='ltr'><strong>Nune</strong></span> <span class='ocrx_word' id='word_1_193' title='bbox 1097 2634 1171 2700; x_wconf 81' lang='lat' dir='ltr'><strong>lepece</strong></span> 
     </span>
     <span class='ocr_line' id='line_1_22' title="bbox 169 2721 1172 2792; baseline 0.001 -21"><span class='ocrx_word' id='word_1_194' title='bbox 169 2722 248 2774; x_wconf 83' lang='lat' dir='ltr'><strong>edidit</strong></span> <span class='ocrx_word' id='word_1_195' title='bbox 266 2722 389 2775; x_wconf 88' lang='lat' dir='ltr'><strong>Pithoeus.</strong></span> <span class='ocrx_word' id='word_1_196' title='bbox 412 2732 439 2775; x_wconf 79' lang='lat' dir='ltr'><strong>ot</strong></span> <span class='ocrx_word' id='word_1_197' title='bbox 455 2724 522 2776; x_wconf 89' lang='lat' dir='ltr'><strong>idem</strong></span> <span class='ocrx_word' id='word_1_198' title='bbox 538 2725 564 2776; x_wconf 89' lang='lat' dir='ltr'><strong>in</strong></span> <span class='ocrx_word' id='word_1_199' title='bbox 581 2726 617 2781; x_wconf 88' lang='lat' dir='ltr'><strong>V.</strong></span> <span class='ocrx_word' id='word_1_200' title='bbox 635 2727 665 2780; x_wconf 85' lang='lat' dir='ltr'><strong>G.</strong></span> <span class='ocrx_word' id='word_1_201' title='bbox 685 2726 736 2792; x_wconf 79' lang='lat' dir='ltr'><strong>legi</strong></span> <span class='ocrx_word' id='word_1_202' title='bbox 751 2735 855 2778; x_wconf 77' lang='lat' dir='ltr'><strong>annotat</strong></span> <span class='ocrx_word' id='word_1_203' title='bbox 868 2725 945 2792; x_wconf 80' lang='lat' dir='ltr'><strong>lapsa,</strong></span> <span class='ocrx_word' id='word_1_204' title='bbox 968 2733 995 2777; x_wconf 88' lang='lat' dir='ltr'><strong>et</strong></span> <span class='ocrx_word' id='word_1_205' title='bbox 1009 2725 1045 2775; x_wconf 87' lang='lat' dir='ltr'><strong>sie</strong></span> <span class='ocrx_word' id='word_1_206' title='bbox 1059 2721 1172 2788; x_wconf 84' lang='lat' dir='ltr'><strong>reposuit</strong></span> 
     </span>
     <span class='ocr_line' id='line_1_23' title="bbox 172 2811 1171 2878; baseline -0.002 -16"><span class='ocrx_word' id='word_1_207' title='bbox 172 2811 302 2875; x_wconf 87' lang='lat' dir='ltr'><strong>Weitzius‚</strong></span> <span class='ocrx_word' id='word_1_208' title='bbox 317 2813 430 2878; x_wconf 84' lang='lat' dir='ltr'><strong>quemvis</strong></span> <span class='ocrx_word' id='word_1_209' title='bbox 442 2823 523 2867; x_wconf 87' lang='lat' dir='ltr'><strong>metro</strong></span> <span class='ocrx_word' id='word_1_210' title='bbox 535 2831 586 2867; x_wconf 90' lang='lat' dir='ltr'><strong>non</strong></span> <span class='ocrx_word' id='word_1_211' title='bbox 597 2815 658 2866; x_wconf 83' lang='lat' dir='ltr'><strong>satis</strong></span> <span class='ocrx_word' id='word_1_212' title='bbox 669 2815 722 2866; x_wconf 85' lang='lat' dir='ltr'><strong>fiat.</strong></span> <span class='ocrx_word' id='word_1_213' title='bbox 753 2815 822 2876; x_wconf 91' lang='lat' dir='ltr'><strong>Quid</strong></span> <span class='ocrx_word' id='word_1_214' title='bbox 833 2815 856 2865; x_wconf 87' lang='lat' dir='ltr'><strong>si</strong></span> <span class='ocrx_word' id='word_1_215' title='bbox 867 2815 1005 2866; x_wconf 77' lang='lat' dir='ltr'><strong>scribemus</strong></span> <span class='ocrx_word' id='word_1_216' title='bbox 1016 2813 1091 2864; x_wconf 82' lang='lat' dir='ltr'><strong>Nune</strong></span> <span class='ocrx_word' id='word_1_217' title='bbox 1101 2811 1171 2877; x_wconf 78' lang='lat' dir='ltr'><strong>lepre</strong></span> 
     </span>
     <span class='ocr_line' id='line_1_24' title="bbox 168 2902 1093 2970; baseline -0.001 -19"><span class='ocrx_word' id='word_1_218' title='bbox 168 2903 315 2968; x_wconf 68' lang='lat' dir='ltr'><strong>asperrime?</strong></span> <span class='ocrx_word' id='word_1_219' title='bbox 333 2903 388 2968; x_wconf 81' lang='lat' dir='ltr'><strong>opie</strong></span> <span class='ocrx_word' id='word_1_220' title='bbox 398 2919 453 2954; x_wconf 78' lang='lat' dir='ltr'><strong>mere</strong></span> <span class='ocrx_word' id='word_1_221' title='bbox 464 2903 564 2955; x_wconf 85' lang='lat' dir='ltr'><strong>videtur</strong></span> <span class='ocrx_word' id='word_1_222' title='bbox 574 2903 688 2969; x_wconf 88' lang='lat' dir='ltr'><strong>positum</strong></span> <span class='ocrx_word' id='word_1_223' title='bbox 699 2919 745 2969; x_wconf 92' lang='lat' dir='ltr'><strong>pro</strong></span> <span class='ocrx_word' id='word_1_224' title='bbox 753 2921 824 2970; x_wconf 82' lang='lat' dir='ltr'><strong>opum</strong></span> <span class='ocrx_word' id='word_1_225' title='bbox 834 2902 1093 2954; x_wconf 63' lang='lat' dir='ltr'><strong>mearum-Writers.</strong></span> 
     </span>
    </p>
   </div>
   <div class='ocr_carea' id='block_1_7' title="bbox 166 3077 1172 3847">
    <p class='ocr_par' dir='ltr' id='par_1_7' title="bbox 166 3077 1172 3847">
     <span class='ocr_line' id='line_1_25' title="bbox 218 3077 1171 3147; baseline -0.006 -15"><span class='ocrx_word' id='word_1_226' title='bbox 218 3077 305 3132; x_wconf 77' lang='lat' dir='ltr'><strong>Vens.</strong></span> <span class='ocrx_word' id='word_1_227' title='bbox 312 3077 422 3130; x_wconf 77' lang='lat' dir='ltr'><strong>ls.-.Ec</strong></span> <span class='ocrx_word' id='word_1_228' title='bbox 431 3078 516 3145; x_wconf 81' lang='grc' dir='ltr'>ἱοπρυε</span> <span class='ocrx_word' id='word_1_229' title='bbox 524 3081 618 3146; x_wconf 76' lang='lat' dir='ltr'><strong>peperit</strong></span> <span class='ocrx_word' id='word_1_230' title='bbox 628 3096 681 3145; x_wconf 79' lang='lat' dir='ltr'><strong>puoe</strong></span> <span class='ocrx_word' id='word_1_231' title='bbox 691 3079 781 3147; x_wconf 82' lang='grc' dir='ltr'>Ιαόοτ.]</span> <span class='ocrx_word' id='word_1_232' title='bbox 798 3079 889 3130; x_wconf 82' lang='lat' dir='ltr'><strong>Horat</strong></span> <span class='ocrx_word' id='word_1_233' title='bbox 908 3077 956 3131; x_wconf 79' lang='lat' dir='ltr'><strong>Nil</strong></span> <span class='ocrx_word' id='word_1_234' title='bbox 964 3079 1015 3129; x_wconf 76' lang='lat' dir='ltr'><strong>eine</strong></span> <span class='ocrx_word' id='word_1_235' title='bbox 1025 3094 1110 3144; x_wconf 77' lang='grc' dir='ltr'>παραυ</span> <span class='ocrx_word' id='word_1_236' title='bbox 1120 3077 1171 3127; x_wconf 66' lang='grc' dir='ltr'><strong>υἱέα</strong></span> 
     </span>
     <span class='ocr_line' id='line_1_26' title="bbox 167 3161 1171 3234; baseline 0 -19"><span class='ocrx_word' id='word_1_237' title='bbox 167 3161 246 3215; x_wconf 74' lang='lat' dir='ltr'><strong>tahon</strong></span> <span class='ocrx_word' id='word_1_238' title='bbox 257 3164 322 3215; x_wconf 77' lang='lat' dir='ltr'><strong>dedit</strong></span> <span class='ocrx_word' id='word_1_239' title='bbox 334 3164 478 3216; x_wconf 71' lang='grc' dir='ltr'>νοτὶαόιόιιε.</span> <span class='ocrx_word' id='word_1_240' title='bbox 502 3166 634 3232; x_wconf 83' lang='lat' dir='ltr'><strong>Phooylid.</strong></span> <span class='ocrx_word' id='word_1_241' title='bbox 656 3166 731 3219; x_wconf 82' lang='grc' dir='ltr'>οόόὲν</span> <span class='ocrx_word' id='word_1_242' title='bbox 745 3168 808 3219; x_wconf 89' lang='grc' dir='ltr'>άνευ</span> <span class='ocrx_word' id='word_1_243' title='bbox 823 3167 940 3234; x_wconf 85' lang='grc' dir='ltr'>καμάτου</span> <span class='ocrx_word' id='word_1_244' title='bbox 953 3165 1026 3218; x_wconf 82' lang='grc' dir='ltr'>πόλει</span> <span class='ocrx_word' id='word_1_245' title='bbox 1042 3164 1171 3232; x_wconf 82' lang='grc' dir='ltr'>ἀνδράσιν</span> 
     </span>
     <span class='ocr_line' id='line_1_27' title="bbox 168 3239 1171 3324; baseline 0.003 -22"><span class='ocrx_word' id='word_1_246' title='bbox 168 3251 272 3313; x_wconf 74' lang='grc' dir='ltr'>εὐπετὲς</span> <span class='ocrx_word' id='word_1_247' title='bbox 287 3254 371 3319; x_wconf 79' lang='grc' dir='ltr'>ἔργον.</span> <span class='ocrx_word' id='word_1_248' title='bbox 392 3253 494 3303; x_wconf 82' lang='lat' dir='ltr'><strong>Pindnr.</strong></span> <span class='ocrx_word' id='word_1_249' title='bbox 508 3239 637 3319; x_wconf 63' lang='lat' dir='ltr'><strong>Pyenis</strong></span> <span class='ocrx_word' id='word_1_250' title='bbox 654 3256 676 3306; x_wconf 83' lang='grc' dir='ltr'><strong>εἰ</strong></span> <span class='ocrx_word' id='word_1_251' title='bbox 686 3255 712 3307; x_wconf 77' lang='grc' dir='ltr'><strong>δέ</strong></span> <span class='ocrx_word' id='word_1_252' title='bbox 724 3276 763 3317; x_wconf 82' lang='grc' dir='ltr'><strong>τις</strong></span> <span class='ocrx_word' id='word_1_253' title='bbox 774 3257 850 3317; x_wconf 71' lang='grc' dir='ltr'>όλέος</span> <span class='ocrx_word' id='word_1_254' title='bbox 867 3258 895 3309; x_wconf 77' lang='grc' dir='ltr'>ἐν</span> <span class='ocrx_word' id='word_1_255' title='bbox 913 3257 1090 3324; x_wconf 79' lang='grc' dir='ltr'>ἀνθρώποισιν</span> <span class='ocrx_word' id='word_1_256' title='bbox 1108 3256 1171 3306; x_wconf 89' lang='grc' dir='ltr'>άνευ</span> 
     </span>
     <span class='ocr_line' id='line_1_28' title="bbox 168 3340 1171 3410; baseline 0.003 -20"><span class='ocrx_word' id='word_1_257' title='bbox 168 3340 284 3406; x_wconf 86' lang='grc' dir='ltr'>καμάτου</span> <span class='ocrx_word' id='word_1_258' title='bbox 299 3341 329 3392; x_wconf 82' lang='grc' dir='ltr'><strong>οὐ</strong></span> <span class='ocrx_word' id='word_1_259' title='bbox 342 3341 468 3407; x_wconf 79' lang='grc' dir='ltr'>φαίνεται.</span> <span class='ocrx_word' id='word_1_260' title='bbox 507 3341 683 3393; x_wconf 78' lang='lat' dir='ltr'><strong>Timandrides</strong></span> <span class='ocrx_word' id='word_1_261' title='bbox 698 3344 842 3408; x_wconf 77' lang='lat' dir='ltr'><strong>Spartanus,</strong></span> <span class='ocrx_word' id='word_1_262' title='bbox 854 3361 912 3395; x_wconf 92' lang='lat' dir='ltr'><strong>cum</strong></span> <span class='ocrx_word' id='word_1_263' title='bbox 923 3353 982 3410; x_wconf 87' lang='lat' dir='ltr'><strong>post</strong></span> <span class='ocrx_word' id='word_1_264' title='bbox 992 3344 1114 3395; x_wconf 83' lang='lat' dir='ltr'><strong>diutinam</strong></span> <span class='ocrx_word' id='word_1_265' title='bbox 1126 3358 1171 3408; x_wconf 89' lang='lat' dir='ltr'><strong>pe-</strong></span> 
     </span>
     <span class='ocr_line' id='line_1_29' title="bbox 167 3427 1172 3497; baseline 0.004 -19"><span class='ocrx_word' id='word_1_266' title='bbox 167 3427 359 3492; x_wconf 77' lang='lat' dir='ltr'><strong>regrinationem</strong></span> <span class='ocrx_word' id='word_1_267' title='bbox 370 3444 484 3479; x_wconf 83' lang='lat' dir='ltr'><strong>reversus</strong></span> <span class='ocrx_word' id='word_1_268' title='bbox 496 3430 606 3490; x_wconf 88' lang='lat' dir='ltr'><strong>domum,</strong></span> <span class='ocrx_word' id='word_1_269' title='bbox 623 3430 710 3481; x_wconf 86' lang='lat' dir='ltr'><strong>multis</strong></span> <span class='ocrx_word' id='word_1_270' title='bbox 721 3440 819 3482; x_wconf 75' lang='lat' dir='ltr'><strong>auctam</strong></span> <span class='ocrx_word' id='word_1_271' title='bbox 833 3432 947 3497; x_wconf 86' lang='lat' dir='ltr'><strong>partibus</strong></span> <span class='ocrx_word' id='word_1_272' title='bbox 958 3448 1011 3482; x_wconf 91' lang='lat' dir='ltr'><strong>rem</strong></span> <span class='ocrx_word' id='word_1_273' title='bbox 1023 3431 1172 3482; x_wconf 86' lang='lat' dir='ltr'><strong>offendisset</strong></span> 
     </span>
     <span class='ocr_line' id='line_1_30' title="bbox 167 3515 1172 3585; baseline 0 -18"><span class='ocrx_word' id='word_1_274' title='bbox 167 3515 324 3577; x_wconf 79' lang='lat' dir='ltr'><strong>familiarem,</strong></span> <span class='ocrx_word' id='word_1_275' title='bbox 340 3517 448 3581; x_wconf 77' lang='lat' dir='ltr'><strong>graviter</strong></span> <span class='ocrx_word' id='word_1_276' title='bbox 460 3526 608 3578; x_wconf 81' lang='lat' dir='ltr'><strong>commotus,</strong></span> <span class='ocrx_word' id='word_1_277' title='bbox 626 3518 702 3578; x_wconf 80' lang='lat' dir='ltr'><strong>Fieri,</strong></span> <span class='ocrx_word' id='word_1_278' title='bbox 718 3518 808 3583; x_wconf 90' lang='lat' dir='ltr'><strong>inquit,</strong></span> <span class='ocrx_word' id='word_1_279' title='bbox 825 3536 872 3569; x_wconf 81' lang='lat' dir='ltr'><strong>non</strong></span> <span class='ocrx_word' id='word_1_280' title='bbox 885 3527 971 3585; x_wconf 72' lang='lat' dir='ltr'><strong>potest,</strong></span> <span class='ocrx_word' id='word_1_281' title='bbox 988 3521 1003 3568; x_wconf 87' lang='grc' dir='ltr'>ό</span> <span class='ocrx_word' id='word_1_282' title='bbox 1012 3518 1062 3582; x_wconf 78' lang='lat' dir='ltr'><strong>fili,</strong></span> <span class='ocrx_word' id='word_1_283' title='bbox 1079 3519 1172 3583; x_wconf 75' lang='lat' dir='ltr'><strong>quiret</strong></span> 
     </span>
     <span class='ocr_line' id='line_1_31' title="bbox 167 3604 1167 3674; baseline 0.003 -19"><span class='ocrx_word' id='word_1_284' title='bbox 167 3604 238 3656; x_wconf 73' lang='lat' dir='ltr'><strong>Deos</strong></span> <span class='ocrx_word' id='word_1_285' title='bbox 248 3613 272 3656; x_wconf 87' lang='lat' dir='ltr'><strong>et</strong></span> <span class='ocrx_word' id='word_1_286' title='bbox 272 3605 411 3672; x_wconf 73' lang='lat' dir='ltr'><strong>familiares</strong></span> <span class='ocrx_word' id='word_1_287' title='bbox 417 3613 441 3656; x_wconf 76' lang='lat' dir='ltr'><strong>et</strong></span> <span class='ocrx_word' id='word_1_288' title='bbox 451 3606 554 3671; x_wconf 74' lang='lat' dir='ltr'><strong>hospites</strong></span> <span class='ocrx_word' id='word_1_289' title='bbox 562 3605 677 3672; x_wconf 77' lang='lat' dir='ltr'><strong>plurimos</strong></span> <span class='ocrx_word' id='word_1_290' title='bbox 688 3607 777 3672; x_wconf 72' lang='lat' dir='ltr'><strong>injuriet</strong></span> <span class='ocrx_word' id='word_1_291' title='bbox 789 3615 853 3658; x_wconf 84' lang='lat' dir='ltr'><strong>tuam</strong></span> <span class='ocrx_word' id='word_1_292' title='bbox 860 3625 907 3673; x_wconf 86' lang='lat' dir='ltr'><strong>per</strong></span> <span class='ocrx_word' id='word_1_293' title='bbox 914 3609 1041 3658; x_wconf 72' lang='grc' dir='ltr'>αοουίιίαοι</span> <span class='ocrx_word' id='word_1_294' title='bbox 1050 3608 1167 3674; x_wconf 68' lang='lat' dir='ltr'><strong>affecerit⁸</strong></span> 
     </span>
     <span class='ocr_line' id='line_1_32' title="bbox 169 3691 1169 3762; baseline 0.003 -20"><span class='ocrx_word' id='word_1_295' title='bbox 169 3691 266 3743; x_wconf 78' lang='lat' dir='ltr'><strong>AEliun.</strong></span> <span class='ocrx_word' id='word_1_296' title='bbox 282 3693 326 3744; x_wconf 93' lang='lat' dir='ltr'><strong>lib.</strong></span> <span class='ocrx_word' id='word_1_297' title='bbox 342 3693 380 3744; x_wconf 85' lang='lat'><strong>14.</strong></span> <span class='ocrx_word' id='word_1_298' title='bbox 417 3693 578 3758; x_wconf 81' lang='lat' dir='ltr'><strong>Intelligebet</strong></span> <span class='ocrx_word' id='word_1_299' title='bbox 588 3694 705 3744; x_wconf 88' lang='lat' dir='ltr'><strong>nimirum</strong></span> <span class='ocrx_word' id='word_1_300' title='bbox 720 3699 807 3762; x_wconf 86' lang='grc' dir='ltr'>μακρῶ</span> <span class='ocrx_word' id='word_1_301' title='bbox 824 3695 912 3762; x_wconf 79' lang='grc' dir='ltr'>χρόνῳ</span> <span class='ocrx_word' id='word_1_302' title='bbox 923 3709 987 3760; x_wconf 91' lang='lat' dir='ltr'><strong>opus</strong></span> <span class='ocrx_word' id='word_1_303' title='bbox 998 3711 1062 3755; x_wconf 87' lang='lat' dir='ltr'><strong>esse,</strong></span> <span class='ocrx_word' id='word_1_304' title='bbox 1079 3694 1169 3758; x_wconf 86' lang='lat' dir='ltr'><strong>siquis</strong></span> 
     </span>
     <span class='ocr_line' id='line_1_33' title="bbox 166 3778 1170 3847; baseline 0.004 -18"><span class='ocrx_word' id='word_1_305' title='bbox 166 3778 229 3832; x_wconf 82' lang='lat' dir='ltr'><strong>eitm</strong></span> <span class='ocrx_word' id='word_1_306' title='bbox 238 3781 290 3832; x_wconf 87' lang='lat' dir='ltr'><strong>vim</strong></span> <span class='ocrx_word' id='word_1_307' title='bbox 302 3789 329 3832; x_wconf 89' lang='lat' dir='ltr'><strong>et</strong></span> <span class='ocrx_word' id='word_1_308' title='bbox 339 3780 451 3832; x_wconf 83' lang='lat' dir='ltr'><strong>fraudem</strong></span> <span class='ocrx_word' id='word_1_309' title='bbox 463 3789 489 3832; x_wconf 93' lang='lat' dir='ltr'><strong>et</strong></span> <span class='ocrx_word' id='word_1_310' title='bbox 500 3781 554 3832; x_wconf 85' lang='lat' dir='ltr'><strong>sine</strong></span> <span class='ocrx_word' id='word_1_311' title='bbox 566 3782 638 3832; x_wconf 85' lang='lat' dir='ltr'><strong>melis</strong></span> <span class='ocrx_word' id='word_1_312' title='bbox 649 3782 744 3834; x_wconf 80' lang='lat' dir='ltr'><strong>artibus</strong></span> <span class='ocrx_word' id='word_1_313' title='bbox 756 3798 888 3847; x_wconf 78' lang='lat' dir='ltr'><strong>congerere</strong></span> <span class='ocrx_word' id='word_1_314' title='bbox 899 3782 999 3834; x_wconf 82' lang='lat' dir='ltr'><strong>divitias</strong></span> <span class='ocrx_word' id='word_1_315' title='bbox 1011 3782 1080 3834; x_wconf 86' lang='lat' dir='ltr'><strong>velit.</strong></span> <span class='ocrx_word' id='word_1_316' title='bbox 1100 3782 1170 3837; x_wconf 88' lang='lat' dir='ltr'><strong>Vide</strong></span> 
     </span>
    </p>
   </div>
   <div class='ocr_carea' id='block_1_8' title="bbox 82 3866 1166 3936">
    <p class='ocr_par' dir='ltr' id='par_1_8' title="bbox 82 3866 1166 3936">
     <span class='ocr_line' id='line_1_34' title="bbox 82 3866 1166 3936; baseline 0.006 -21"><span class='ocrx_word' id='word_1_317' title='bbox 82 3923 89 3935; x_wconf 27' lang='grc' dir='ltr'><strong>ς</strong></span> <span class='ocrx_word' id='word_1_318' title='bbox 170 3866 200 3918; x_wconf 85' lang='grc' dir='ltr'><strong>Ρ.</strong></span> <span class='ocrx_word' id='word_1_319' title='bbox 214 3867 305 3920; x_wconf 83' lang='lat' dir='ltr'><strong>Crinit.</strong></span> <span class='ocrx_word' id='word_1_320' title='bbox 315 3869 360 3920; x_wconf 89' lang='lat' dir='ltr'><strong>lib.</strong></span> <span class='ocrx_word' id='word_1_321' title='bbox 373 3871 398 3919; x_wconf 77' lang='lat'><strong>2.</strong></span> <span class='ocrx_word' id='word_1_322' title='bbox 410 3869 441 3920; x_wconf 87' lang='lat' dir='ltr'><strong>de</strong></span> <span class='ocrx_word' id='word_1_323' title='bbox 452 3869 512 3919; x_wconf 91' lang='lat' dir='ltr'><strong>hon.</strong></span> <span class='ocrx_word' id='word_1_324' title='bbox 525 3869 613 3936; x_wconf 83' lang='lat' dir='ltr'><strong>discip.</strong></span> <span class='ocrx_word' id='word_1_325' title='bbox 624 3887 678 3936; x_wconf 78' lang='lat' dir='ltr'><strong>cap.</strong></span> <span class='ocrx_word' id='word_1_326' title='bbox 691 3873 717 3922; x_wconf 84' lang='lat'><strong>3.</strong></span> <span class='ocrx_word' id='word_1_327' title='bbox 728 3871 759 3922; x_wconf 91' lang='lat' dir='ltr'><strong>de</strong></span> <span class='ocrx_word' id='word_1_328' title='bbox 773 3871 851 3922; x_wconf 86' lang='lat' dir='ltr'><strong>Furio</strong></span> <span class='ocrx_word' id='word_1_329' title='bbox 862 3871 981 3934; x_wconf 82' lang='lat' dir='ltr'><strong>Cresind;</strong></span> <span class='ocrx_word' id='word_1_330' title='bbox 999 3887 1031 3923; x_wconf 85' lang='lat' dir='ltr'><strong>ex</strong></span> <span class='ocrx_word' id='word_1_331' title='bbox 1044 3871 1111 3923; x_wconf 88' lang='lat' dir='ltr'><strong>Plin.</strong></span> <span class='ocrx_word' id='word_1_332' title='bbox 1122 3871 1166 3922; x_wconf 89' lang='lat' dir='ltr'><strong>lib.</strong></span> 
     </span>
    </p>
   </div>
   <div class='ocr_carea' id='block_1_9' title="bbox 97 3956 398 4021">
    <p class='ocr_par' dir='ltr' id='par_1_9' title="bbox 97 3956 398 4021">
     <span class='ocr_line' id='line_1_35' title="bbox 97 3956 398 4021; baseline 0.007 -16"><span class='ocrx_word' id='word_1_333' title='bbox 97 3989 101 3998; x_wconf 85' lang='lat'>-</span> <span class='ocrx_word' id='word_1_334' title='bbox 170 3956 208 4007; x_wconf 83' lang='grc'><strong>18.</strong></span> <span class='ocrx_word' id='word_1_335' title='bbox 227 3972 282 4021; x_wconf 80' lang='grc' dir='ltr'>ευρ.</span> <span class='ocrx_word' id='word_1_336' title='bbox 295 3957 398 4008; x_wconf 89' lang='lat' dir='ltr'><strong>6.-W.</strong></span> 
     </span>
    </p>
   </div>
   <div class='ocr_carea' id='block_1_10' title="bbox 219 4131 1169 4287">
    <p class='ocr_par' dir='ltr' id='par_1_10' title="bbox 219 4131 1169 4287">
     <span class='ocr_line' id='line_1_36' title="bbox 219 4131 1169 4205; baseline 0.008 -21"><span class='ocrx_word' id='word_1_337' title='bbox 219 4131 583 4202; x_wconf 73' lang='lat' dir='ltr'><strong>Vnus.19.-Perdirattduo]</strong></span> <span class='ocrx_word' id='word_1_338' title='bbox 603 4135 719 4202; x_wconf 87' lang='lat' dir='ltr'><strong>Euripid.</strong></span> <span class='ocrx_word' id='word_1_339' title='bbox 730 4137 856 4190; x_wconf 86' lang='lat' dir='ltr'><strong>Phoeniss.</strong></span> <span class='ocrx_word' id='word_1_340' title='bbox 872 4140 885 4189; x_wconf 89' lang='grc' dir='ltr'>ὁ</span> <span class='ocrx_word' id='word_1_341' title='bbox 898 4138 919 4190; x_wconf 80' lang='grc' dir='ltr'><strong>δ’</strong></span> <span class='ocrx_word' id='word_1_342' title='bbox 930 4139 1005 4199; x_wconf 70' lang='grc' dir='ltr'>όλόος</span> <span class='ocrx_word' id='word_1_343' title='bbox 1017 4140 1046 4191; x_wconf 83' lang='grc' dir='ltr'><strong>οὐ</strong></span> <span class='ocrx_word' id='word_1_344' title='bbox 1057 4139 1169 4205; x_wconf 64' lang='lat' dir='ltr'><strong>peteme,</strong></span> 
     </span>
     <span class='ocr_line' id='line_1_37' title="bbox 881 4243 922 4287; baseline 0.024 -1"><span class='ocrx_word' id='word_1_345' title='bbox 881 4243 900 4286; x_wconf 83' lang='lat' dir='ltr'><strong>F</strong></span> <span class='ocrx_word' id='word_1_346' title='bbox 908 4247 922 4287; x_wconf 85' lang='lat'>2</span> 
     </span>
    </p>
   </div>
   <div class='ocr_carea' id='block_1_11' title="bbox 1242 4342 1324 4456">
    <p class='ocr_par' dir='ltr' id='par_1_11' title="bbox 1242 4342 1324 4456">
     <span class='ocr_line' id='line_1_38' title="bbox 1242 4342 1324 4456; baseline 0 0"><span class='ocrx_word' id='word_1_347' title='bbox 1242 4342 1324 4456; x_wconf 77' lang='grc' dir='ltr'><strong><em>Ι</em></strong></span> 
     </span>
    </p>
   </div>
   <div class='ocr_carea' id='block_1_12' title="bbox 0 0 1404 4740">
    <p class='ocr_par' dir='ltr' id='par_1_12' title="bbox 0 0 1404 4740">
     <span class='ocr_line' id='line_1_39' title="bbox 0 0 1404 4740; baseline 0 1"><span class='ocrx_word' id='word_1_348' title='bbox 0 0 1404 4740; x_wconf 95' lang='lat' dir='ltr'><strong> </strong></span> 
     </span>
    </p>
   </div>
  </div>
 </body>
</html>
