<?xml version="1.0" encoding="UTF-8"?>
<!DOCTYPE html PUBLIC "-//W3C//DTD XHTML 1.0 Transitional//EN"
    "http://www.w3.org/TR/xhtml1/DTD/xhtml1-transitional.dtd">
<html xmlns="http://www.w3.org/1999/xhtml" xml:lang="en" lang="en">
 <head>
  <title>
</title>
<meta http-equiv="Content-Type" content="text/html;charset=utf-8" />
  <meta name='ocr-system' content='tesseract 3.04.00' />
  <meta name='ocr-capabilities' content='ocr_page ocr_carea ocr_par ocr_line ocrx_word'/>
</head>
<body>
  <div class='ocr_page' id='page_1' title='image "./severisanctiend00gilegoog_0023.png"; bbox 0 0 2798 4740; ppageno 0'>
   <div class='ocr_carea' id='block_1_1' title="bbox 201 383 802 452">
    <p class='ocr_par' dir='ltr' id='par_1_1' title="bbox 201 383 802 452">
     <span class='ocr_line' id='line_1_1' title="bbox 201 383 802 452; baseline -0.005 -1"><span class='ocrx_word' id='word_1_1' title='bbox 201 389 240 452; x_wconf 91' lang='lat'><strong>10</strong></span> <span class='ocrx_word' id='word_1_2' title='bbox 586 383 802 449; x_wconf 88' lang='lat' dir='ltr'><strong>LECTORI.</strong></span> 
     </span>
    </p>
   </div>
   <div class='ocr_carea' id='block_1_2' title="bbox 115 567 1222 4046">
    <p class='ocr_par' dir='ltr' id='par_1_2' title="bbox 115 567 1222 2839">
     <span class='ocr_line' id='line_1_2' title="bbox 195 567 1197 652; baseline -0.001 -17"><span class='ocrx_word' id='word_1_3' title='bbox 195 577 218 608; x_wconf 88' lang='lat'><strong>“</strong></span> <span class='ocrx_word' id='word_1_4' title='bbox 228 571 280 635; x_wconf 88' lang='lat' dir='ltr'><strong>De</strong></span> <span class='ocrx_word' id='word_1_5' title='bbox 302 569 399 635; x_wconf 70' lang='lat' dir='ltr'><strong>Poesi</strong></span> <span class='ocrx_word' id='word_1_6' title='bbox 419 592 477 633; x_wconf 88' lang='lat' dir='ltr'><strong>seu</strong></span> <span class='ocrx_word' id='word_1_7' title='bbox 493 570 645 634; x_wconf 90' lang='lat' dir='ltr'><strong>Dramate</strong></span> <span class='ocrx_word' id='word_1_8' title='bbox 661 569 819 634; x_wconf 89' lang='lat' dir='ltr'><strong>Bucolicis</strong></span> <span class='ocrx_word' id='word_1_9' title='bbox 833 568 904 632; x_wconf 89' lang='lat' dir='ltr'><strong>vide</strong></span> <span class='ocrx_word' id='word_1_10' title='bbox 927 568 1042 652; x_wconf 87' lang='lat' dir='ltr'><strong>Scalig.</strong></span> <span class='ocrx_word' id='word_1_11' title='bbox 1061 570 1083 633; x_wconf 83' lang='grc'><strong>3</strong></span> <span class='ocrx_word' id='word_1_12' title='bbox 1101 567 1197 634; x_wconf 69' lang='lat' dir='ltr'><strong>Poet.</strong></span> 
     </span>
     <span class='ocr_line' id='line_1_3' title="bbox 195 677 1201 745; baseline -0.002 0"><span class='ocrx_word' id='word_1_13' title='bbox 195 703 223 745; x_wconf 89' lang='lat' dir='ltr'><strong>e.</strong></span> <span class='ocrx_word' id='word_1_14' title='bbox 240 681 293 745; x_wconf 89' lang='lat'><strong>99.</strong></span> <span class='ocrx_word' id='word_1_15' title='bbox 316 678 426 744; x_wconf 84' lang='lat' dir='ltr'>Jacob.</span> <span class='ocrx_word' id='word_1_16' title='bbox 444 679 581 743; x_wconf 92' lang='lat' dir='ltr'><strong>Pontan.</strong></span> <span class='ocrx_word' id='word_1_17' title='bbox 597 679 653 742; x_wconf 94' lang='lat' dir='ltr'><strong>lib.</strong></span> <span class='ocrx_word' id='word_1_18' title='bbox 667 682 698 743; x_wconf 77' lang='lat'><strong>2.</strong></span> <span class='ocrx_word' id='word_1_19' title='bbox 717 678 809 742; x_wconf 91' lang='lat' dir='ltr'><strong>Poet.</strong></span> <span class='ocrx_word' id='word_1_20' title='bbox 828 677 935 742; x_wconf 90' lang='lat' dir='ltr'><strong>Instit.</strong></span> <span class='ocrx_word' id='word_1_21' title='bbox 953 701 979 742; x_wconf 92' lang='lat' dir='ltr'><strong>c.</strong></span> <span class='ocrx_word' id='word_1_22' title='bbox 996 680 1049 742; x_wconf 76' lang='lat'><strong>23.</strong></span> <span class='ocrx_word' id='word_1_23' title='bbox 1067 678 1201 743; x_wconf 89' lang='lat' dir='ltr'><strong>Poetica</strong></span> 
     </span>
     <span class='ocr_line' id='line_1_4' title="bbox 196 786 1198 867; baseline 0.001 -14"><span class='ocrx_word' id='word_1_24' title='bbox 196 789 323 854; x_wconf 88' lang='lat' dir='ltr'><strong>Gissen.</strong></span> <span class='ocrx_word' id='word_1_25' title='bbox 348 789 405 852; x_wconf 90' lang='lat' dir='ltr'><strong>lib.</strong></span> <span class='ocrx_word' id='word_1_26' title='bbox 430 791 461 852; x_wconf 71' lang='grc'><strong>2.</strong></span> <span class='ocrx_word' id='word_1_27' title='bbox 492 811 518 851; x_wconf 92' lang='lat' dir='ltr'><strong>c.</strong></span> <span class='ocrx_word' id='word_1_28' title='bbox 548 788 619 851; x_wconf 90' lang='grc'><strong>10.”</strong></span> <span class='ocrx_word' id='word_1_29' title='bbox 665 786 760 851; x_wconf 82' lang='lat' dir='ltr'>Certe</span> <span class='ocrx_word' id='word_1_30' title='bbox 784 810 911 851; x_wconf 91' lang='lat' dir='ltr'><strong>cannen</strong></span> <span class='ocrx_word' id='word_1_31' title='bbox 935 799 983 851; x_wconf 91' lang='lat' dir='ltr'><strong>est</strong></span> <span class='ocrx_word' id='word_1_32' title='bbox 1005 789 1198 867; x_wconf 85' lang='lat' dir='ltr'><strong>bucolicum,</strong></span> 
     </span>
     <span class='ocr_line' id='line_1_5' title="bbox 195 897 1199 983; baseline 0 -21"><span class='ocrx_word' id='word_1_33' title='bbox 195 898 271 983; x_wconf 92' lang='lat' dir='ltr'><strong>quia</strong></span> <span class='ocrx_word' id='word_1_34' title='bbox 300 907 376 962; x_wconf 89' lang='lat' dir='ltr'><strong>sunt</strong></span> <span class='ocrx_word' id='word_1_35' title='bbox 405 897 534 967; x_wconf 86' lang='lat' dir='ltr'><strong>nomina</strong></span> <span class='ocrx_word' id='word_1_36' title='bbox 563 897 602 960; x_wconf 91' lang='lat' dir='ltr'><strong>ab</strong></span> <span class='ocrx_word' id='word_1_37' title='bbox 633 897 815 980; x_wconf 83' lang='lat' dir='ltr'>pastoribus</span> <span class='ocrx_word' id='word_1_38' title='bbox 850 907 907 960; x_wconf 88' lang='lat' dir='ltr'><strong>aut</strong></span> <span class='ocrx_word' id='word_1_39' title='bbox 940 897 1088 960; x_wconf 82' lang='lat' dir='ltr'><strong>bubulcis</strong></span> <span class='ocrx_word' id='word_1_40' title='bbox 1123 898 1199 962; x_wconf 92' lang='lat' dir='ltr'><strong>olim</strong></span> 
     </span>
     <span class='ocr_line' id='line_1_6' title="bbox 194 1007 1200 1093; baseline -0.001 -20"><span class='ocrx_word' id='word_1_41' title='bbox 194 1019 348 1093; x_wconf 86' lang='lat' dir='ltr'><strong>usurpata</strong></span> <span class='ocrx_word' id='word_1_42' title='bbox 375 1009 460 1091; x_wconf 90' lang='lat' dir='ltr'><strong>apud</strong></span> <span class='ocrx_word' id='word_1_43' title='bbox 484 1007 600 1071; x_wconf 85' lang='lat' dir='ltr'><strong>Poetas</strong></span> <span class='ocrx_word' id='word_1_44' title='bbox 626 1007 694 1092; x_wconf 87' lang='lat' dir='ltr'><strong>ejus</strong></span> <span class='ocrx_word' id='word_1_45' title='bbox 721 1007 882 1083; x_wconf 83' lang='lat' dir='ltr'><strong>carminis3</strong></span> <span class='ocrx_word' id='word_1_46' title='bbox 910 1007 966 1070; x_wconf 88' lang='lat' dir='ltr'><strong>sed</strong></span> <span class='ocrx_word' id='word_1_47' title='bbox 988 1008 1049 1071; x_wconf 91' lang='lat' dir='ltr'><strong>hoc</strong></span> <span class='ocrx_word' id='word_1_48' title='bbox 1072 1031 1200 1072; x_wconf 91' lang='lat' dir='ltr'><strong>cannen</strong></span> 
     </span>
     <span class='ocr_line' id='line_1_7' title="bbox 194 1116 1199 1194; baseline 0.002 -13"><span class='ocrx_word' id='word_1_49' title='bbox 194 1140 259 1181; x_wconf 91' lang='lat' dir='ltr'><strong>non</strong></span> <span class='ocrx_word' id='word_1_50' title='bbox 274 1117 416 1181; x_wconf 89' lang='lat' dir='ltr'><strong>ascendit</strong></span> <span class='ocrx_word' id='word_1_51' title='bbox 431 1118 472 1180; x_wconf 90' lang='lat' dir='ltr'><strong>ad</strong></span> <span class='ocrx_word' id='word_1_52' title='bbox 485 1119 581 1180; x_wconf 91' lang='lat' dir='ltr'><strong>istam</strong></span> <span class='ocrx_word' id='word_1_53' title='bbox 595 1116 806 1194; x_wconf 87' lang='lat' dir='ltr'><strong>dulcedinem,</strong></span> <span class='ocrx_word' id='word_1_54' title='bbox 829 1127 867 1180; x_wconf 94' lang='lat' dir='ltr'><strong>ut</strong></span> <span class='ocrx_word' id='word_1_55' title='bbox 884 1118 943 1180; x_wconf 91' lang='lat' dir='ltr'><strong>sub</strong></span> <span class='ocrx_word' id='word_1_56' title='bbox 957 1119 1072 1182; x_wconf 90' lang='lat' dir='ltr'><strong>humili</strong></span> <span class='ocrx_word' id='word_1_57' title='bbox 1091 1142 1199 1183; x_wconf 87' lang='lat' dir='ltr'><strong>rerum</strong></span> 
     </span>
     <span class='ocr_line' id='line_1_8' title="bbox 194 1226 1199 1312; baseline 0.001 -21"><span class='ocrx_word' id='word_1_58' title='bbox 194 1228 368 1311; x_wconf 83' lang='lat' dir='ltr'><strong>agrestium</strong></span> <span class='ocrx_word' id='word_1_59' title='bbox 398 1227 587 1291; x_wconf 85' lang='lat' dir='ltr'><strong>tractatione</strong></span> <span class='ocrx_word' id='word_1_60' title='bbox 622 1226 821 1309; x_wconf 84' lang='lat' dir='ltr'><strong>intelligatur</strong></span> <span class='ocrx_word' id='word_1_61' title='bbox 852 1227 1043 1290; x_wconf 83' lang='lat' dir='ltr'><strong>abscondere</strong></span> <span class='ocrx_word' id='word_1_62' title='bbox 1077 1228 1199 1312; x_wconf 89' lang='lat' dir='ltr'><strong>aliquid</strong></span> 
     </span>
     <span class='ocr_line' id='line_1_9' title="bbox 194 1335 1198 1420; baseline -0.002 -20"><span class='ocrx_word' id='word_1_63' title='bbox 194 1337 374 1413; x_wconf 91' lang='lat' dir='ltr'><strong>mirificum,</strong></span> <span class='ocrx_word' id='word_1_64' title='bbox 399 1336 487 1420; x_wconf 90' lang='lat' dir='ltr'><strong>quod</strong></span> <span class='ocrx_word' id='word_1_65' title='bbox 503 1336 553 1399; x_wconf 90' lang='lat' dir='ltr'><strong>vel</strong></span> <span class='ocrx_word' id='word_1_66' title='bbox 576 1336 611 1397; x_wconf 93' lang='lat' dir='ltr'><strong>in</strong></span> <span class='ocrx_word' id='word_1_67' title='bbox 627 1335 754 1418; x_wconf 90' lang='lat' dir='ltr'><strong>palatiis</strong></span> <span class='ocrx_word' id='word_1_68' title='bbox 769 1336 819 1398; x_wconf 89' lang='lat' dir='ltr'><strong>vel</strong></span> <span class='ocrx_word' id='word_1_69' title='bbox 839 1336 873 1397; x_wconf 93' lang='lat' dir='ltr'><strong>in</strong></span> <span class='ocrx_word' id='word_1_70' title='bbox 887 1337 967 1398; x_wconf 92' lang='lat' dir='ltr'><strong>urbe</strong></span> <span class='ocrx_word' id='word_1_71' title='bbox 981 1336 1066 1398; x_wconf 90' lang='lat' dir='ltr'><strong>inter</strong></span> <span class='ocrx_word' id='word_1_72' title='bbox 1079 1337 1198 1400; x_wconf 90' lang='lat' dir='ltr'><strong>vicinos</strong></span> 
     </span>
     <span class='ocr_line' id='line_1_10' title="bbox 195 1444 1197 1527; baseline -0.002 -18"><span class='ocrx_word' id='word_1_73' title='bbox 195 1457 252 1509; x_wconf 88' lang='lat' dir='ltr'><strong>aut</strong></span> <span class='ocrx_word' id='word_1_74' title='bbox 275 1447 392 1510; x_wconf 90' lang='lat' dir='ltr'><strong>amicos</strong></span> <span class='ocrx_word' id='word_1_75' title='bbox 416 1444 541 1522; x_wconf 89' lang='lat' dir='ltr'><strong>accidit,</strong></span> <span class='ocrx_word' id='word_1_76' title='bbox 565 1444 690 1527; x_wconf 91' lang='lat' dir='ltr'><strong>dequo</strong></span> <span class='ocrx_word' id='word_1_77' title='bbox 713 1444 858 1507; x_wconf 91' lang='lat' dir='ltr'><strong>bucolico</strong></span> <span class='ocrx_word' id='word_1_78' title='bbox 880 1444 1016 1507; x_wconf 91' lang='lat' dir='ltr'><strong>carmine</strong></span> <span class='ocrx_word' id='word_1_79' title='bbox 1037 1445 1143 1527; x_wconf 83' lang='lat' dir='ltr'><strong>agitur</strong></span> <span class='ocrx_word' id='word_1_80' title='bbox 1163 1446 1197 1508; x_wconf 92' lang='lat' dir='ltr'><strong>in</strong></span> 
     </span>
     <span class='ocr_line' id='line_1_11' title="bbox 195 1552 1198 1638; baseline -0.003 -20"><span class='ocrx_word' id='word_1_81' title='bbox 195 1555 339 1638; x_wconf 87' lang='lat' dir='ltr'><strong>allegatis</strong></span> <span class='ocrx_word' id='word_1_82' title='bbox 350 1555 397 1618; x_wconf 93' lang='lat' dir='ltr'><strong>ibi</strong></span> <span class='ocrx_word' id='word_1_83' title='bbox 407 1553 495 1628; x_wconf 90' lang='lat' dir='ltr'><strong>locis,</strong></span> <span class='ocrx_word' id='word_1_84' title='bbox 520 1554 610 1637; x_wconf 88' lang='lat' dir='ltr'><strong>cujus</strong></span> <span class='ocrx_word' id='word_1_85' title='bbox 623 1552 796 1636; x_wconf 89' lang='lat' dir='ltr'><strong>specimina</strong></span> <span class='ocrx_word' id='word_1_86' title='bbox 806 1552 956 1635; x_wconf 90' lang='lat' dir='ltr'><strong>primaria</strong></span> <span class='ocrx_word' id='word_1_87' title='bbox 967 1554 1053 1637; x_wconf 90' lang='lat' dir='ltr'><strong>apud</strong></span> <span class='ocrx_word' id='word_1_88' title='bbox 1064 1552 1198 1616; x_wconf 90' lang='lat' dir='ltr'><strong>Latinos</strong></span> 
     </span>
     <span class='ocr_line' id='line_1_12' title="bbox 197 1662 1196 1746; baseline 0.001 -20"><span class='ocrx_word' id='word_1_89' title='bbox 197 1672 273 1726; x_wconf 89' lang='lat' dir='ltr'><strong>sunt</strong></span> <span class='ocrx_word' id='word_1_90' title='bbox 296 1663 427 1745; x_wconf 84' lang='lat' dir='ltr'><strong>Eclogae</strong></span> <span class='ocrx_word' id='word_1_91' title='bbox 448 1662 588 1745; x_wconf 82' lang='lat' dir='ltr'><strong>Virgilii,</strong></span> <span class='ocrx_word' id='word_1_92' title='bbox 612 1672 645 1724; x_wconf 88' lang='lat' dir='ltr'><strong>et</strong></span> <span class='ocrx_word' id='word_1_93' title='bbox 668 1673 780 1745; x_wconf 86' lang='lat' dir='ltr'><strong>postea</strong></span> <span class='ocrx_word' id='word_1_94' title='bbox 804 1662 843 1725; x_wconf 89' lang='lat' dir='ltr'><strong>T.</strong></span> <span class='ocrx_word' id='word_1_95' title='bbox 871 1662 1059 1746; x_wconf 86' lang='lat' dir='ltr'><strong>Calphurnii</strong></span> <span class='ocrx_word' id='word_1_96' title='bbox 1084 1662 1196 1742; x_wconf 89' lang='lat' dir='ltr'><strong>Siculi,</strong></span> 
     </span>
     <span class='ocr_line' id='line_1_13' title="bbox 196 1773 1197 1859; baseline 0 -22"><span class='ocrx_word' id='word_1_97' title='bbox 196 1775 287 1859; x_wconf 87' lang='lat' dir='ltr'><strong>cujus</strong></span> <span class='ocrx_word' id='word_1_98' title='bbox 302 1773 446 1836; x_wconf 89' lang='lat' dir='ltr'><strong>similiter</strong></span> <span class='ocrx_word' id='word_1_99' title='bbox 465 1773 641 1837; x_wconf 80' lang='lat' dir='ltr'><strong>Bucolicon</strong></span> <span class='ocrx_word' id='word_1_100' title='bbox 657 1795 782 1837; x_wconf 81' lang='lat' dir='ltr'><strong>carmen</strong></span> <span class='ocrx_word' id='word_1_101' title='bbox 797 1773 941 1835; x_wconf 89' lang='lat' dir='ltr'><strong>inscribit</strong></span> <span class='ocrx_word' id='word_1_102' title='bbox 955 1774 1032 1856; x_wconf 89' lang='lat' dir='ltr'><strong>ipsis</strong></span> <span class='ocrx_word' id='word_1_103' title='bbox 1052 1775 1197 1837; x_wconf 89' lang='lat' dir='ltr'><strong>carmini-</strong></span> 
     </span>
     <span class='ocr_line' id='line_1_14' title="bbox 115 1880 1197 1966; baseline 0.002 -19"><span class='ocrx_word' id='word_1_104' title='bbox 115 1880 121 1887; x_wconf 66' lang='grc'>’</span> <span class='ocrx_word' id='word_1_105' title='bbox 194 1884 255 1947; x_wconf 91' lang='lat' dir='ltr'><strong>bus</strong></span> <span class='ocrx_word' id='word_1_106' title='bbox 269 1905 342 1966; x_wconf 87' lang='lat' dir='ltr'><strong>pag.</strong></span> <span class='ocrx_word' id='word_1_107' title='bbox 358 1884 434 1960; x_wconf 71' lang='lat'><strong>323,</strong></span> <span class='ocrx_word' id='word_1_108' title='bbox 457 1882 513 1946; x_wconf 87' lang='lat' dir='ltr'><strong>sed</strong></span> <span class='ocrx_word' id='word_1_109' title='bbox 533 1883 696 1946; x_wconf 66' lang='lat' dir='ltr'><strong>Bucolica</strong></span> <span class='ocrx_word' id='word_1_110' title='bbox 718 1883 850 1966; x_wconf 75' lang='lat' dir='ltr'><strong>Eclopca</strong></span> <span class='ocrx_word' id='word_1_111' title='bbox 864 1882 946 1946; x_wconf 89' lang='lat' dir='ltr'><strong>VII.</strong></span> <span class='ocrx_word' id='word_1_112' title='bbox 963 1884 997 1946; x_wconf 91' lang='lat' dir='ltr'><strong>in</strong></span> <span class='ocrx_word' id='word_1_113' title='bbox 1012 1885 1124 1947; x_wconf 89' lang='lat' dir='ltr'><strong>eodem</strong></span> <span class='ocrx_word' id='word_1_114' title='bbox 1141 1886 1197 1949; x_wconf 91' lang='lat' dir='ltr'><strong>illo</strong></span> 
     </span>
     <span class='ocr_line' id='line_1_15' title="bbox 195 1989 1198 2073; baseline 0.004 -19"><span class='ocrx_word' id='word_1_115' title='bbox 195 1991 299 2054; x_wconf 91' lang='lat' dir='ltr'><strong>indice</strong></span> <span class='ocrx_word' id='word_1_116' title='bbox 328 1991 472 2072; x_wconf 85' lang='lat' dir='ltr'><strong>agnoscit</strong></span> <span class='ocrx_word' id='word_1_117' title='bbox 501 2000 534 2052; x_wconf 89' lang='lat' dir='ltr'><strong>et</strong></span> <span class='ocrx_word' id='word_1_118' title='bbox 563 1990 704 2073; x_wconf 87' lang='lat' dir='ltr'><strong>appellat</strong></span> <span class='ocrx_word' id='word_1_119' title='bbox 733 1989 892 2054; x_wconf 90' lang='lat' dir='ltr'><strong>Pithoeus.</strong></span> <span class='ocrx_word' id='word_1_120' title='bbox 947 1991 1041 2055; x_wconf 89' lang='lat' dir='ltr'><strong>Mera</strong></span> <span class='ocrx_word' id='word_1_121' title='bbox 1066 1991 1118 2056; x_wconf 88' lang='lat' dir='ltr'><strong>hic</strong></span> <span class='ocrx_word' id='word_1_122' title='bbox 1149 2005 1198 2058; x_wconf 90' lang='lat' dir='ltr'><strong>est</strong></span> 
     </span>
     <span class='ocr_line' id='line_1_16' title="bbox 196 2099 1222 2192; baseline 0.002 -27"><span class='ocrx_word' id='word_1_123' title='bbox 196 2101 372 2185; x_wconf 89' lang='lat' dir='ltr'><strong>deploratio</strong></span> <span class='ocrx_word' id='word_1_124' title='bbox 390 2102 469 2184; x_wconf 88' lang='lat' dir='ltr'><strong>ejus,</strong></span> <span class='ocrx_word' id='word_1_125' title='bbox 497 2100 584 2183; x_wconf 88' lang='lat' dir='ltr'><strong>quod</strong></span> <span class='ocrx_word' id='word_1_126' title='bbox 606 2099 640 2161; x_wconf 90' lang='lat' dir='ltr'><strong>in</strong></span> <span class='ocrx_word' id='word_1_127' title='bbox 660 2100 743 2182; x_wconf 85' lang='lat' dir='ltr'><strong>agris</strong></span> <span class='ocrx_word' id='word_1_128' title='bbox 764 2123 807 2163; x_wconf 83' lang='lat' dir='ltr'><strong>ex</strong></span> <span class='ocrx_word' id='word_1_129' title='bbox 826 2123 900 2163; x_wconf 87' lang='lat' dir='ltr'><strong>vero</strong></span> <span class='ocrx_word' id='word_1_130' title='bbox 921 2101 1107 2184; x_wconf 87' lang='lat' dir='ltr'><strong>contigerat,</strong></span> <span class='ocrx_word' id='word_1_131' title='bbox 1130 2124 1222 2192; x_wconf 46' lang='lat' dir='ltr'><strong>non,</strong></span> 
     </span>
     <span class='ocr_line' id='line_1_17' title="bbox 197 2208 1197 2294; baseline 0.001 -20"><span class='ocrx_word' id='word_1_132' title='bbox 197 2220 253 2274; x_wconf 90' lang='lat' dir='ltr'><strong>aut</strong></span> <span class='ocrx_word' id='word_1_133' title='bbox 268 2209 357 2273; x_wconf 92' lang='lat' dir='ltr'><strong>dolor</strong></span> <span class='ocrx_word' id='word_1_134' title='bbox 371 2219 427 2272; x_wconf 87' lang='lat' dir='ltr'><strong>aut</strong></span> <span class='ocrx_word' id='word_1_135' title='bbox 447 2208 592 2291; x_wconf 80' lang='lat' dir='ltr'><strong>voluptas</strong></span> <span class='ocrx_word' id='word_1_136' title='bbox 614 2231 656 2271; x_wconf 88' lang='lat' dir='ltr'><strong>ex</strong></span> <span class='ocrx_word' id='word_1_137' title='bbox 673 2209 803 2271; x_wconf 91' lang='lat' dir='ltr'><strong>urbanis</strong></span> <span class='ocrx_word' id='word_1_138' title='bbox 823 2210 919 2273; x_wconf 90' lang='lat' dir='ltr'><strong>rebus</strong></span> <span class='ocrx_word' id='word_1_139' title='bbox 935 2211 1076 2287; x_wconf 90' lang='lat' dir='ltr'><strong>collecta,</strong></span> <span class='ocrx_word' id='word_1_140' title='bbox 1100 2233 1197 2294; x_wconf 90' lang='lat' dir='ltr'><strong>quam</strong></span> 
     </span>
     <span class='ocr_line' id='line_1_18' title="bbox 197 2317 1197 2402; baseline 0.001 -19"><span class='ocrx_word' id='word_1_141' title='bbox 197 2319 377 2383; x_wconf 88' lang='lat' dir='ltr'><strong>obscuriore</strong></span> <span class='ocrx_word' id='word_1_142' title='bbox 393 2328 426 2380; x_wconf 89' lang='lat' dir='ltr'><strong>et</strong></span> <span class='ocrx_word' id='word_1_143' title='bbox 440 2317 589 2400; x_wconf 84' lang='lat' dir='ltr'><strong>ambiguo</strong></span> <span class='ocrx_word' id='word_1_144' title='bbox 604 2318 741 2380; x_wconf 88' lang='lat' dir='ltr'><strong>carmine</strong></span> <span class='ocrx_word' id='word_1_145' title='bbox 754 2319 900 2382; x_wconf 88' lang='lat' dir='ltr'><strong>bucolico</strong></span> <span class='ocrx_word' id='word_1_146' title='bbox 914 2318 1064 2402; x_wconf 86' lang='lat' dir='ltr'><strong>insignire</strong></span> <span class='ocrx_word' id='word_1_147' title='bbox 1080 2321 1197 2384; x_wconf 92' lang='lat' dir='ltr'><strong>consti·</strong></span> 
     </span>
     <span class='ocr_line' id='line_1_19' title="bbox 197 2425 1198 2511; baseline 0.001 -20"><span class='ocrx_word' id='word_1_148' title='bbox 197 2428 271 2491; x_wconf 90' lang='lat' dir='ltr'><strong>tuit.</strong></span> <span class='ocrx_word' id='word_1_149' title='bbox 317 2425 432 2510; x_wconf 87' lang='lat' dir='ltr'><strong>Itaque</strong></span> <span class='ocrx_word' id='word_1_150' title='bbox 455 2436 564 2488; x_wconf 89' lang='lat' dir='ltr'><strong>notam</strong></span> <span class='ocrx_word' id='word_1_151' title='bbox 586 2426 669 2488; x_wconf 90' lang='lat' dir='ltr'><strong>hanc</strong></span> <span class='ocrx_word' id='word_1_152' title='bbox 693 2426 830 2489; x_wconf 87' lang='lat' dir='ltr'><strong>Weitzii</strong></span> <span class='ocrx_word' id='word_1_153' title='bbox 852 2426 1001 2491; x_wconf 91' lang='lat' dir='ltr'><strong>hocloco</strong></span> <span class='ocrx_word' id='word_1_154' title='bbox 1023 2429 1127 2511; x_wconf 90' lang='lat' dir='ltr'><strong>posui,</strong></span> <span class='ocrx_word' id='word_1_155' title='bbox 1158 2439 1198 2492; x_wconf 92' lang='lat' dir='ltr'><strong>ut</strong></span> 
     </span>
     <span class='ocr_line' id='line_1_20' title="bbox 197 2536 1197 2619; baseline -0.001 -17"><span class='ocrx_word' id='word_1_156' title='bbox 197 2539 379 2602; x_wconf 85' lang='lat' dir='ltr'><strong>eraderetur</strong></span> <span class='ocrx_word' id='word_1_157' title='bbox 391 2559 434 2600; x_wconf 87' lang='lat' dir='ltr'><strong>ex</strong></span> <span class='ocrx_word' id='word_1_158' title='bbox 446 2536 554 2599; x_wconf 88' lang='lat' dir='ltr'><strong>ordine</strong></span> <span class='ocrx_word' id='word_1_159' title='bbox 566 2545 725 2612; x_wconf 90' lang='lat' dir='ltr'><strong>notarum,</strong></span> <span class='ocrx_word' id='word_1_160' title='bbox 749 2536 865 2619; x_wconf 91' lang='lat' dir='ltr'><strong>quibus</strong></span> <span class='ocrx_word' id='word_1_161' title='bbox 880 2558 938 2619; x_wconf 91' lang='lat' dir='ltr'><strong>per</strong></span> <span class='ocrx_word' id='word_1_162' title='bbox 950 2558 1088 2600; x_wconf 88' lang='lat' dir='ltr'><strong>errorem</strong></span> <span class='ocrx_word' id='word_1_163' title='bbox 1098 2538 1197 2601; x_wconf 89' lang='lat' dir='ltr'><strong>inter-</strong></span> 
     </span>
     <span class='ocr_line' id='line_1_21' title="bbox 195 2645 1197 2733; baseline -0.001 -22"><span class='ocrx_word' id='word_1_164' title='bbox 195 2647 386 2733; x_wconf 87' lang='lat' dir='ltr'><strong>ponebatur,</strong></span> <span class='ocrx_word' id='word_1_165' title='bbox 424 2669 524 2730; x_wconf 91' lang='lat' dir='ltr'><strong>quum</strong></span> <span class='ocrx_word' id='word_1_166' title='bbox 550 2669 610 2711; x_wconf 90' lang='lat' dir='ltr'><strong>nec</strong></span> <span class='ocrx_word' id='word_1_167' title='bbox 639 2645 855 2709; x_wconf 89' lang='lat' dir='ltr'><strong>Endeleichus</strong></span> <span class='ocrx_word' id='word_1_168' title='bbox 884 2647 931 2710; x_wconf 92' lang='lat' dir='ltr'><strong>ita</strong></span> <span class='ocrx_word' id='word_1_169' title='bbox 957 2648 1125 2725; x_wconf 86' lang='lat' dir='ltr'><strong>vocaverit,</strong></span> <span class='ocrx_word' id='word_1_170' title='bbox 1163 2657 1197 2710; x_wconf 93' lang='lat' dir='ltr'><strong>et</strong></span> 
     </span>
     <span class='ocr_line' id='line_1_22' title="bbox 198 2757 608 2839; baseline -0.007 -18"><span class='ocrx_word' id='word_1_171' title='bbox 198 2757 347 2822; x_wconf 91' lang='lat' dir='ltr'><strong>Pithoeus</strong></span> <span class='ocrx_word' id='word_1_172' title='bbox 362 2765 481 2819; x_wconf 86' lang='lat' dir='ltr'><strong>temere</strong></span> <span class='ocrx_word' id='word_1_173' title='bbox 497 2757 608 2839; x_wconf 86' lang='lat' dir='ltr'><strong>egerit.</strong></span> 
     </span>
    </p>

    <p class='ocr_par' dir='ltr' id='par_1_3' title="bbox 194 2863 1198 4046">
     <span class='ocr_line' id='line_1_23' title="bbox 263 2863 1197 2946; baseline 0.002 -18"><span class='ocrx_word' id='word_1_174' title='bbox 263 2864 425 2929; x_wconf 87' lang='lat' dir='ltr'><strong>Caeterum</strong></span> <span class='ocrx_word' id='word_1_175' title='bbox 449 2887 514 2928; x_wconf 92' lang='lat' dir='ltr'><strong>non</strong></span> <span class='ocrx_word' id='word_1_176' title='bbox 539 2863 592 2926; x_wconf 92' lang='lat' dir='ltr'><strong>hic</strong></span> <span class='ocrx_word' id='word_1_177' title='bbox 617 2884 732 2946; x_wconf 89' lang='lat' dir='ltr'><strong>scopus</strong></span> <span class='ocrx_word' id='word_1_178' title='bbox 759 2872 808 2927; x_wconf 90' lang='lat' dir='ltr'><strong>est</strong></span> <span class='ocrx_word' id='word_1_179' title='bbox 831 2884 922 2928; x_wconf 85' lang='lat' dir='ltr'><strong>novae</strong></span> <span class='ocrx_word' id='word_1_180' title='bbox 945 2865 1103 2942; x_wconf 54' lang='lat' dir='ltr'><strong>editions,</strong></span> <span class='ocrx_word' id='word_1_181' title='bbox 1130 2888 1197 2930; x_wconf 92' lang='lat' dir='ltr'><strong>non</strong></span> 
     </span>
     <span class='ocr_line' id='line_1_24' title="bbox 196 2974 1197 3060; baseline -0.003 -17"><span class='ocrx_word' id='word_1_182' title='bbox 196 2998 300 3043; x_wconf 89' lang='lat' dir='ltr'><strong>causa.</strong></span> <span class='ocrx_word' id='word_1_183' title='bbox 346 2975 471 3040; x_wconf 89' lang='lat' dir='ltr'><strong>Auctor</strong></span> <span class='ocrx_word' id='word_1_184' title='bbox 483 2975 713 3059; x_wconf 86' lang='lat' dir='ltr'><strong>qualiscunque</strong></span> <span class='ocrx_word' id='word_1_185' title='bbox 728 2974 780 3051; x_wconf 91' lang='lat' dir='ltr'><strong>sit,</strong></span> <span class='ocrx_word' id='word_1_186' title='bbox 805 2983 838 3037; x_wconf 88' lang='lat' dir='ltr'><strong>et</strong></span> <span class='ocrx_word' id='word_1_187' title='bbox 850 2995 1041 3058; x_wconf 91' lang='lat' dir='ltr'><strong>quocunque</strong></span> <span class='ocrx_word' id='word_1_188' title='bbox 1053 2986 1197 3060; x_wconf 87' lang='lat' dir='ltr'><strong>tempore</strong></span> 
     </span>
     <span class='ocr_line' id='line_1_25' title="bbox 196 3083 1195 3166; baseline -0.002 -15"><span class='ocrx_word' id='word_1_189' title='bbox 196 3086 328 3162; x_wconf 67' lang='lat' dir='ltr'><strong>rixerit3</strong></span> <span class='ocrx_word' id='word_1_190' title='bbox 352 3085 489 3148; x_wconf 88' lang='lat' dir='ltr'><strong>editores</strong></span> <span class='ocrx_word' id='word_1_191' title='bbox 502 3084 599 3146; x_wconf 87' lang='lat' dir='ltr'><strong>etiam</strong></span> <span class='ocrx_word' id='word_1_192' title='bbox 610 3106 668 3166; x_wconf 92' lang='lat' dir='ltr'><strong>pro</strong></span> <span class='ocrx_word' id='word_1_193' title='bbox 680 3083 788 3146; x_wconf 92' lang='lat' dir='ltr'><strong>lubitu</strong></span> <span class='ocrx_word' id='word_1_194' title='bbox 801 3105 858 3146; x_wconf 93' lang='lat' dir='ltr'><strong>suo</strong></span> <span class='ocrx_word' id='word_1_195' title='bbox 869 3083 903 3146; x_wconf 95' lang='lat' dir='ltr'><strong>in</strong></span> <span class='ocrx_word' id='word_1_196' title='bbox 917 3106 955 3147; x_wconf 91' lang='lat' dir='ltr'><strong>eo</strong></span> <span class='ocrx_word' id='word_1_197' title='bbox 968 3085 1195 3149; x_wconf 88' lang='lat' dir='ltr'><strong>consuluerint.</strong></span> 
     </span>
     <span class='ocr_line' id='line_1_26' title="bbox 198 3193 1195 3279; baseline 0 -21"><span class='ocrx_word' id='word_1_198' title='bbox 198 3194 275 3258; x_wconf 86' lang='lat' dir='ltr'><strong>Alia</strong></span> <span class='ocrx_word' id='word_1_199' title='bbox 300 3203 462 3277; x_wconf 88' lang='lat' dir='ltr'><strong>spectatur</strong></span> <span class='ocrx_word' id='word_1_200' title='bbox 489 3203 522 3256; x_wconf 89' lang='lat' dir='ltr'><strong>et</strong></span> <span class='ocrx_word' id='word_1_201' title='bbox 548 3194 757 3277; x_wconf 89' lang='lat' dir='ltr'><strong>opportunior</strong></span> <span class='ocrx_word' id='word_1_202' title='bbox 783 3193 989 3257; x_wconf 87' lang='lat' dir='ltr'><strong>commoditas</strong></span> <span class='ocrx_word' id='word_1_203' title='bbox 1015 3195 1195 3279; x_wconf 84' lang='lat' dir='ltr'><strong>majorque;</strong></span> 
     </span>
     <span class='ocr_line' id='line_1_27' title="bbox 196 3300 1195 3388; baseline -0.001 -20"><span class='ocrx_word' id='word_1_204' title='bbox 196 3326 312 3388; x_wconf 90' lang='lat' dir='ltr'><strong>nempe</strong></span> <span class='ocrx_word' id='word_1_205' title='bbox 334 3314 373 3367; x_wconf 90' lang='lat' dir='ltr'><strong>ut</strong></span> <span class='ocrx_word' id='word_1_206' title='bbox 400 3314 447 3380; x_wconf 90' lang='lat' dir='ltr'><strong>tu,</strong></span> <span class='ocrx_word' id='word_1_207' title='bbox 478 3300 605 3380; x_wconf 88' lang='lat' dir='ltr'><strong>Lector,</strong></span> <span class='ocrx_word' id='word_1_208' title='bbox 638 3302 748 3379; x_wconf 89' lang='lat' dir='ltr'><strong>discas,</strong></span> <span class='ocrx_word' id='word_1_209' title='bbox 780 3303 868 3387; x_wconf 93' lang='lat' dir='ltr'><strong>quod</strong></span> <span class='ocrx_word' id='word_1_210' title='bbox 889 3324 962 3366; x_wconf 89' lang='lat' dir='ltr'><strong>vere</strong></span> <span class='ocrx_word' id='word_1_211' title='bbox 984 3303 1019 3366; x_wconf 93' lang='lat' dir='ltr'><strong>in</strong></span> <span class='ocrx_word' id='word_1_212' title='bbox 1044 3325 1112 3366; x_wconf 91' lang='lat' dir='ltr'><strong>rem</strong></span> <span class='ocrx_word' id='word_1_213' title='bbox 1135 3315 1195 3382; x_wconf 89' lang='lat' dir='ltr'><strong>est,</strong></span> 
     </span>
     <span class='ocr_line' id='line_1_28' title="bbox 194 3412 1197 3498; baseline 0 -20"><span class='ocrx_word' id='word_1_214' title='bbox 194 3413 403 3498; x_wconf 88' lang='lat' dir='ltr'><strong>perpendere,</strong></span> <span class='ocrx_word' id='word_1_215' title='bbox 427 3422 461 3477; x_wconf 91' lang='lat' dir='ltr'><strong>et</strong></span> <span class='ocrx_word' id='word_1_216' title='bbox 484 3421 555 3476; x_wconf 92' lang='lat' dir='ltr'><strong>tum</strong></span> <span class='ocrx_word' id='word_1_217' title='bbox 572 3412 607 3475; x_wconf 92' lang='lat' dir='ltr'><strong>in</strong></span> <span class='ocrx_word' id='word_1_218' title='bbox 627 3412 687 3476; x_wconf 88' lang='lat' dir='ltr'><strong>hae</strong></span> <span class='ocrx_word' id='word_1_219' title='bbox 709 3435 861 3490; x_wconf 86' lang='lat' dir='ltr'><strong>aerumna,</strong></span> <span class='ocrx_word' id='word_1_220' title='bbox 884 3422 954 3476; x_wconf 80' lang='lat' dir='ltr'><strong>trun</strong></span> <span class='ocrx_word' id='word_1_221' title='bbox 974 3414 1009 3476; x_wconf 94' lang='lat' dir='ltr'><strong>in</strong></span> <span class='ocrx_word' id='word_1_222' title='bbox 1028 3413 1108 3490; x_wconf 91' lang='lat' dir='ltr'><strong>aliis,</strong></span> <span class='ocrx_word' id='word_1_223' title='bbox 1131 3436 1197 3478; x_wconf 94' lang='lat' dir='ltr'><strong>non</strong></span> 
     </span>
     <span class='ocr_line' id='line_1_29' title="bbox 198 3522 1198 3608; baseline -0.002 -19"><span class='ocrx_word' id='word_1_224' title='bbox 198 3547 320 3589; x_wconf 88' lang='lat' dir='ltr'><strong>cassum</strong></span> <span class='ocrx_word' id='word_1_225' title='bbox 349 3522 471 3608; x_wconf 91' lang='lat' dir='ltr'><strong>aliquid</strong></span> <span class='ocrx_word' id='word_1_226' title='bbox 500 3532 614 3600; x_wconf 92' lang='lat' dir='ltr'><strong>tentes,</strong></span> <span class='ocrx_word' id='word_1_227' title='bbox 653 3523 709 3585; x_wconf 91' lang='lat' dir='ltr'><strong>sed</strong></span> <span class='ocrx_word' id='word_1_228' title='bbox 737 3544 904 3605; x_wconf 87' lang='lat' dir='ltr'><strong>personam</strong></span> <span class='ocrx_word' id='word_1_229' title='bbox 930 3522 991 3585; x_wconf 91' lang='lat' dir='ltr'><strong>tibi</strong></span> <span class='ocrx_word' id='word_1_230' title='bbox 1016 3523 1198 3606; x_wconf 85' lang='lat' dir='ltr'><strong>impositam</strong></span> 
     </span>
     <span class='ocr_line' id='line_1_30' title="bbox 196 3631 1197 3720; baseline -0.002 -21"><span class='ocrx_word' id='word_1_231' title='bbox 196 3636 356 3720; x_wconf 87' lang='lat' dir='ltr'><strong>sapienter</strong></span> <span class='ocrx_word' id='word_1_232' title='bbox 370 3655 454 3717; x_wconf 84' lang='lat' dir='ltr'><strong>agas.</strong></span> <span class='ocrx_word' id='word_1_233' title='bbox 501 3632 572 3698; x_wconf 90' lang='lat' dir='ltr'><strong>Illic</strong></span> <span class='ocrx_word' id='word_1_234' title='bbox 587 3633 694 3697; x_wconf 89' lang='lat' dir='ltr'><strong>subito</strong></span> <span class='ocrx_word' id='word_1_235' title='bbox 709 3631 868 3695; x_wconf 90' lang='lat' dir='ltr'><strong>desolatus</strong></span> <span class='ocrx_word' id='word_1_236' title='bbox 885 3642 975 3715; x_wconf 87' lang='lat' dir='ltr'><strong>parte</strong></span> <span class='ocrx_word' id='word_1_237' title='bbox 992 3633 1077 3695; x_wconf 92' lang='lat' dir='ltr'><strong>bona</strong></span> <span class='ocrx_word' id='word_1_238' title='bbox 1097 3634 1197 3716; x_wconf 87' lang='lat' dir='ltr'><strong>patri-</strong></span> 
     </span>
     <span class='ocr_line' id='line_1_31' title="bbox 196 3742 1198 3827; baseline 0.002 -20"><span class='ocrx_word' id='word_1_239' title='bbox 196 3745 305 3821; x_wconf 90' lang='lat' dir='ltr'><strong>monii,</strong></span> <span class='ocrx_word' id='word_1_240' title='bbox 326 3745 423 3807; x_wconf 88' lang='lat' dir='ltr'><strong>immo</strong></span> <span class='ocrx_word' id='word_1_241' title='bbox 435 3743 541 3806; x_wconf 88' lang='lat' dir='ltr'><strong>forsan</strong></span> <span class='ocrx_word' id='word_1_242' title='bbox 553 3743 656 3827; x_wconf 86' lang='lat' dir='ltr'><strong>capite</strong></span> <span class='ocrx_word' id='word_1_243' title='bbox 670 3743 749 3827; x_wconf 76' lang='lat' dir='ltr'><strong>ejuS,</strong></span> <span class='ocrx_word' id='word_1_244' title='bbox 771 3742 880 3826; x_wconf 91' lang='lat' dir='ltr'><strong>potuit</strong></span> <span class='ocrx_word' id='word_1_245' title='bbox 887 3742 938 3805; x_wconf 90' lang='lat' dir='ltr'><strong>vel</strong></span> <span class='ocrx_word' id='word_1_246' title='bbox 948 3753 1021 3826; x_wconf 93' lang='lat' dir='ltr'><strong>post</strong></span> <span class='ocrx_word' id='word_1_247' title='bbox 1034 3744 1198 3809; x_wconf 88' lang='lat' dir='ltr'><strong>exantlata</strong></span> 
     </span>
     <span class='ocr_line' id='line_1_32' title="bbox 196 3851 1197 3936; baseline -0.001 -18"><span class='ocrx_word' id='word_1_248' title='bbox 196 3853 266 3918; x_wconf 92' lang='lat' dir='ltr'><strong>haec</strong></span> <span class='ocrx_word' id='word_1_249' title='bbox 287 3853 394 3916; x_wconf 90' lang='lat' dir='ltr'><strong>damni</strong></span> <span class='ocrx_word' id='word_1_250' title='bbox 415 3853 465 3917; x_wconf 90' lang='lat' dir='ltr'><strong>sui</strong></span> <span class='ocrx_word' id='word_1_251' title='bbox 483 3853 620 3916; x_wconf 88' lang='lat' dir='ltr'><strong>carmina</strong></span> <span class='ocrx_word' id='word_1_252' title='bbox 633 3851 684 3917; x_wconf 89' lang='lat' dir='ltr'><strong>vel</strong></span> <span class='ocrx_word' id='word_1_253' title='bbox 704 3853 801 3916; x_wconf 91' lang='lat' dir='ltr'><strong>etiam</strong></span> <span class='ocrx_word' id='word_1_254' title='bbox 821 3862 896 3916; x_wconf 91' lang='lat' dir='ltr'><strong>ante</strong></span> <span class='ocrx_word' id='word_1_255' title='bbox 916 3862 1028 3916; x_wconf 88' lang='lat' dir='ltr'><strong>nactus</strong></span> <span class='ocrx_word' id='word_1_256' title='bbox 1046 3852 1197 3936; x_wconf 84' lang='lat' dir='ltr'><strong>Tityrum</strong></span> 
     </span>
     <span class='ocr_line' id='line_1_33' title="bbox 196 3960 1197 4046; baseline 0 -20"><span class='ocrx_word' id='word_1_257' title='bbox 196 3962 386 4026; x_wconf 88' lang='lat' dir='ltr'><strong>monitorem</strong></span> <span class='ocrx_word' id='word_1_258' title='bbox 399 3961 497 4025; x_wconf 90' lang='lat' dir='ltr'><strong>vitam</strong></span> <span class='ocrx_word' id='word_1_259' title='bbox 511 3960 631 4045; x_wconf 90' lang='lat' dir='ltr'><strong>pietate</strong></span> <span class='ocrx_word' id='word_1_260' title='bbox 646 3971 781 4039; x_wconf 89' lang='lat' dir='ltr'><strong>mutare,</strong></span> <span class='ocrx_word' id='word_1_261' title='bbox 805 3972 839 4026; x_wconf 89' lang='lat' dir='ltr'><strong>et</strong></span> <span class='ocrx_word' id='word_1_262' title='bbox 856 3961 912 4046; x_wconf 93' lang='lat' dir='ltr'><strong>qui</strong></span> <span class='ocrx_word' id='word_1_263' title='bbox 927 3963 1060 4025; x_wconf 89' lang='lat' dir='ltr'><strong>antehac</strong></span> <span class='ocrx_word' id='word_1_264' title='bbox 1075 3985 1145 4026; x_wconf 92' lang='lat' dir='ltr'><strong>erro</strong></span> <span class='ocrx_word' id='word_1_265' title='bbox 1160 3985 1197 4026; x_wconf 88' lang='lat' dir='ltr'><strong>ac</strong></span> 
     </span>
    </p>
   </div>
   <div class='ocr_carea' id='block_1_3' title="bbox 197 4072 1198 4158">
    <p class='ocr_par' dir='ltr' id='par_1_4' title="bbox 197 4072 1198 4158">
     <span class='ocr_line' id='line_1_34' title="bbox 197 4072 1198 4158; baseline 0 -20"><span class='ocrx_word' id='word_1_266' title='bbox 197 4073 244 4138; x_wconf 90' lang='lat' dir='ltr'><strong>rei</strong></span> <span class='ocrx_word' id='word_1_267' title='bbox 260 4072 374 4139; x_wconf 81' lang='lat' dir='ltr'><strong>dirinae</strong></span> <span class='ocrx_word' id='word_1_268' title='bbox 392 4072 558 4158; x_wconf 89' lang='lat' dir='ltr'><strong>imperitus</strong></span> <span class='ocrx_word' id='word_1_269' title='bbox 575 4074 726 4157; x_wconf 87' lang='lat' dir='ltr'><strong>pecunias</strong></span> <span class='ocrx_word' id='word_1_270' title='bbox 745 4073 947 4157; x_wconf 82' lang='lat' dir='ltr'><strong>cogitaverat,</strong></span> <span class='ocrx_word' id='word_1_271' title='bbox 971 4073 1033 4138; x_wconf 90' lang='lat' dir='ltr'><strong>illis</strong></span> <span class='ocrx_word' id='word_1_272' title='bbox 1048 4073 1198 4138; x_wconf 90' lang='lat' dir='ltr'><strong>imminu-</strong></span> 
     </span>
    </p>
   </div>
   <div class='ocr_carea' id='block_1_4' title="bbox 0 0 1404 4740">
    <p class='ocr_par' dir='ltr' id='par_1_5' title="bbox 0 0 1404 4740">
     <span class='ocr_line' id='line_1_35' title="bbox 0 0 1404 4740; baseline 0 0"><span class='ocrx_word' id='word_1_273' title='bbox 0 0 1404 4740; x_wconf 95' lang='lat' dir='ltr'><strong> </strong></span> 
     </span>
    </p>
   </div>
  </div>
 </body>
</html>
