2798 4740
587 403 803 468 LECTORI.
1178 407 1200 467 9

196 589 406 654 sustinuerint
417 611 528 654 vocare
543 612 616 654 eum
631 589 766 654 Podtam
782 587 1008 653 Christianum.
1053 586 1199 653 Pithaeus

196 699 352 763 abstinuit
375 699 433 762 tali
453 699 623 763 donatione
645 700 748 763 solum
768 698 923 763 Attilium
944 701 1008 765 sive
1031 700 1199 766 Caecilium

199 807 353 873 Sevemm
368 809 415 872 ita
430 809 606 872 nominans.

259 917 315 981 An
332 917 395 981 illis
415 917 597 982 hominibus
620 928 653 981 ct
668 917 812 982 Weitzio
826 919 919 1002 plura
934 918 1093 1002 indulgeri
1108 941 1200 1002 opor-

198 1038 276 1105 teat,
314 1038 371 1091 aut
397 1028 495 1091 etiam
522 1027 639 1111 largior
665 1039 698 1091 et
727 1028 851 1111 plenior
878 1028 1047 1111 contigerit
1071 1029 1202 1093 licentia

198 1137 421 1220 appellationis
457 1136 658 1220 ampliandae,
695 1136 842 1201 viderint.
912 1137 1100 1204 Quinimmo
1136 1161 1201 1202 non

199 1245 351 1308 sustinuit
374 1245 408 1307 id
422 1255 613 1329 perpetrare
636 1245 687 1308 Jo.
716 1244 833 1309 Savaro
853 1247 888 1309 in
912 1235 1137 1311 commentario
1160 1248 1201 1311 ad

200 1354 368 1417 Sidonium
393 1353 615 1437 Apollinarem
638 1354 688 1417 bis
711 1378 785 1419 eum
809 1355 920 1432 citone,
944 1352 1015 1419 tum
1035 1357 1075 1419 ob
1095 1357 1201 1421 locum

199 1485 296 1545 quem
313 1464 382 1547 jam
402 1463 538 1526 indicavi
558 1463 599 1526 ad
621 1463 740 1527 librum
763 1483 815 1526 x11
840 1487 890 1548 ep.
915 1465 947 1541 3,
978 1475 1048 1528 tum
1070 1475 1202 1548 propter

200 1572 393 1656 crepitacula
412 1570 464 1635 hic
485 1583 660 1636 memorata
679 1574 720 1636 ad
739 1573 857 1638 librum
881 1595 908 1638 11
932 1576 1024 1658 epist.
1048 1578 1081 1652 2,
1105 1575 1203 1639 semel

198 1704 312 1746 vocans
324 1682 555 1745 Endeleicbum
570 1684 750 1760 Rhetorena
774 1685 880 1749 denuo
891 1686 1102 1750 Eadelc'chum
1116 1686 1203 1750 Rhe-

201 1804 312 1867 torena·
334 1815 393 1856 nec
406 1793 552 1876 amplius·
592 1792 679 1856 Hinc
696 1793 815 1877 Caspar
828 1784 980 1858 Barthius
992 1818 1078 1878 saepe
1090 1795 1202 1858 solitus

198 1902 268 1965 loca
280 1900 423 1985 ejusdem
432 1901 601 1964 sententiae
616 1902 815 1985 expluribus
828 1903 1009 1966 auctoribus
1022 1925 1201 1985 congerere,

199 2010 338 2073 ostendit
359 2011 419 2073 sibi
438 2032 567 2093 quoque
584 2011 619 2073 id
637 2011 767 2088 lectum,
791 2023 829 2075 ut
846 2013 960 2077 citaret
980 2014 1019 2076 de
1040 2013 1202 2076 celeritate

176 2121 306 2191 ,damni
321 2130 393 2184 octo
407 2142 516 2183 versus
537 2120 622 2195 inde,
647 2121 763 2204 quibus
786 2123 977 2204 praescribit:
1001 2123 1076 2185 Non
1091 2125 1202 2188 inscite

200 2230 388 2292 describitur
401 2252 421 2291 a
434 2229 548 2292 Severo
560 2229 711 2307 Rhetore,
735 2231 776 2293 ad
789 2230 886 2294 Statii
898 2230 1064 2294 Thebaida
1076 2251 1114 2294 1x
1127 2253 1201 2314 pag.

200 2337 274 2401 955.
321 2338 369 2400 At
388 2338 444 2401 ille
464 2338 568 2401 indice
590 2339 734 2422 signatur
755 2339 890 2403 Severus
914 2339 1139 2417 Endeleichus,
1163 2341 1203 2403 de
1320 2351 1322 2356 '

201 2468 265 2528 quo
288 2457 459 2530 propterea
481 2445 562 2509 nihil
586 2447 711 2511 scivisse
736 2447 906 2511 Barthium
927 2448 1050 2530 colligo,
1074 2449 1203 2513 solitum
1302 2511 1305 2516 .

201 2555 321 2639 alioqui
334 2557 474 2621 libenter
488 2557 527 2619 de
542 2557 753 2639 ignotioribus
767 2558 863 2620 verba
877 2556 990 2620 facere.

265 2666 416 2750 Denique
431 2666 492 2728 etsi
505 2666 586 2729 nihil
599 2665 734 2750 amplius
750 2667 789 2729 de
802 2689 840 2730 eo
853 2667 1020 2750 proferret,
1035 2691 1094 2733 nec
1109 2670 1204 2735 sciret

201 2797 288 2851 sane,
299 2775 396 2838 etiam
406 2772 610 2838 Hofmannus
619 2775 653 2837 in
661 2775 767 2839 lexico
779 2798 953 2840 memorare
966 2778 1118 2842 sustinuit
1125 2781 1201 2844 ista:

202 2889 224 2918 “
238 2884 464 2961 Endeleichus,
502 2883 553 2947 vel
584 2886 719 2948 Severus
759 2885 906 2962 Sanetus
945 2886 1071 2950 Rhetor
1100 2889 1204 2956 Poeta

202 2992 412 3070 Christianus,
436 2993 568 3076 Eelogae
583 2994 622 3056 de
637 2994 793 3057 mortibus
807 2994 906 3056 boum
926 3005 1045 3059 auctor.
1091 2997 1204 3065 Edidit

200 3101 288 3164 illam
300 3100 449 3165 Pithoeus
464 3101 507 3165 A.
523 3101 560 3165 O.
580 3102 673 3165 1590.
715 3101 756 3165 In
768 3103 828 3165 hac
842 3103 1017 3168 introducit
1028 3103 1204 3172 Ethnicum

201 3209 419 3293 deplorantem
428 3212 649 3294 jumentorum
660 3212 897 3290 mortalitatem,
921 3224 954 3277 et
975 3212 1203 3294 Christianum,

202 3317 406 3383 Providentia
422 3319 485 3382 Dei
499 3320 672 3404 proposita,
696 3343 770 3383 erun
784 3322 984 3404 errigentem.
1024 3322 1063 3387 Τ.
1080 3326 1100 3387 8
1116 3325 1203 3390 Bibl.

202 3425 263 3511 Pp.
286 3428 363 3492 edit.
385 3428 438 3492 2.”
470 3428 651 3493 Prudenter
668 3439 805 3514 uterque
825 3453 890 3494 non
908 3432 983 3516 plus
999 3432 1086 3509 dicit,
1108 3456 1205 3516 quam

203 3536 334 3600 sciebat.
1047 3617 1053 3630 ι

260 3643 376 3729 Itaque
392 3645 479 3730 quod
492 3656 567 3710 ante
582 3647 703 3724 distuli,
716 3649 784 3733 jam
798 3647 932 3732 proferri
949 3657 1084 3732 oportet.
1118 3649 1205 3715 Nam

200 3753 379 3818 inconsulte
394 3755 564 3820 admodum
577 3755 655 3820 fecit
672 3757 720 3821 Cl.
740 3756 900 3835 Pithoeus,
920 3780 1020 3842 quum
1034 3758 1205 3844 appellavit

200 3864 261 3928 hoo
291 3887 417 3929 carmen
441 3865 633 3943 bucolicum,
660 3867 831 3952 plerisque,
861 3878 901 3932 ut
925 3869 1042 3953 patuit,
1070 3892 1205 3953 sequen-

200 3974 302 4051 tibus;
336 3975 422 4059 quod
444 3986 614 4059 propterea
636 3977 748 4041 leviter
771 3979 850 4043 adeo
873 3979 1038 4062 praeterire
1060 3979 1206 4063 nequivit

200 4083 375 4163 Weitzius,
395 4095 433 4150 ut
449 4085 524 4152 huic
546 4087 752 4172 appellationi
772 4090 964 4160 annexuerit
983 4076 1064 4154 hanc
1081 4098 1203 4152 notamr
