<?xml version="1.0" encoding="UTF-8"?>
<!DOCTYPE html PUBLIC "-//W3C//DTD XHTML 1.0 Transitional//EN"
    "http://www.w3.org/TR/xhtml1/DTD/xhtml1-transitional.dtd">
<html xmlns="http://www.w3.org/1999/xhtml" xml:lang="en" lang="en">
 <head>
  <title>
</title>
<meta http-equiv="Content-Type" content="text/html;charset=utf-8" />
  <meta name='ocr-system' content='tesseract 3.04.00' />
  <meta name='ocr-capabilities' content='ocr_page ocr_carea ocr_par ocr_line ocrx_word'/>
</head>
<body>
  <div class='ocr_page' id='page_1' title='image "./severisanctiend00gilegoog_0045.png"; bbox 0 0 2798 4740; ppageno 0'>
   <div class='ocr_carea' id='block_1_1' title="bbox 569 423 939 493">
    <p class='ocr_par' dir='ltr' id='par_1_1' title="bbox 569 423 939 493">
     <span class='ocr_line' id='line_1_1' title="bbox 569 423 939 493; baseline -0.008 -1"><span class='ocrx_word' id='word_1_1' title='bbox 569 426 741 493; x_wconf 86' lang='lat' dir='ltr'><strong>SEVERI</strong></span> <span class='ocrx_word' id='word_1_2' title='bbox 768 423 939 492; x_wconf 85' lang='lat' dir='ltr'>SANCTI</span> 
     </span>
    </p>
   </div>
   <div class='ocr_carea' id='block_1_2' title="bbox 379 661 1083 1011">
    <p class='ocr_par' dir='ltr' id='par_1_2' title="bbox 379 661 1083 1011">
     <span class='ocr_line' id='line_1_2' title="bbox 379 661 1083 743; baseline -0.006 -17"><span class='ocrx_word' id='word_1_3' title='bbox 379 661 443 726; x_wconf 90' lang='lat' dir='ltr'>Hic</span> <span class='ocrx_word' id='word_1_4' title='bbox 459 662 556 724; x_wconf 88' lang='lat' dir='ltr'>fontis</span> <span class='ocrx_word' id='word_1_5' title='bbox 571 682 718 736; x_wconf 88' lang='lat' dir='ltr'>renuens,</span> <span class='ocrx_word' id='word_1_6' title='bbox 742 661 893 743; x_wconf 86' lang='lat' dir='ltr'>graminis</span> <span class='ocrx_word' id='word_1_7' title='bbox 908 661 1083 736; x_wconf 90' lang='lat' dir='ltr'>immemor,</span> 
     </span>
     <span class='ocr_line' id='line_1_3' title="bbox 380 793 920 878; baseline -0.007 -18"><span class='ocrx_word' id='word_1_8' title='bbox 380 797 476 860; x_wconf 86' lang='lat' dir='ltr'>Errat</span> <span class='ocrx_word' id='word_1_9' title='bbox 491 796 641 860; x_wconf 85' lang='lat' dir='ltr'>succiduo</span> <span class='ocrx_word' id='word_1_10' title='bbox 655 794 773 858; x_wconf 92' lang='lat' dir='ltr'>bucula</span> <span class='ocrx_word' id='word_1_11' title='bbox 787 793 920 878; x_wconf 87' lang='lat' dir='ltr'>poplite,</span> 
     </span>
     <span class='ocr_line' id='line_1_4' title="bbox 379 925 1054 1011; baseline -0.009 -18"><span class='ocrx_word' id='word_1_12' title='bbox 379 929 449 993; x_wconf 91' lang='lat' dir='ltr'>Nec</span> <span class='ocrx_word' id='word_1_13' title='bbox 464 929 596 1011; x_wconf 87' lang='lat' dir='ltr'>longum</span> <span class='ocrx_word' id='word_1_14' title='bbox 611 927 744 1009; x_wconf 81' lang='lat' dir='ltr'>refugit3</span> <span class='ocrx_word' id='word_1_15' title='bbox 770 927 825 989; x_wconf 88' lang='lat' dir='ltr'>sed</span> <span class='ocrx_word' id='word_1_16' title='bbox 837 926 975 1009; x_wconf 83' lang='lat' dir='ltr'>graviter</span> <span class='ocrx_word' id='word_1_17' title='bbox 989 925 1054 988; x_wconf 86' lang='lat' dir='ltr'>ruit</span> 
     </span>
    </p>
   </div>
   <div class='ocr_carea' id='block_1_3' title="bbox 639 1059 1084 1144">
    <p class='ocr_par' dir='ltr' id='par_1_3' title="bbox 639 1059 1084 1144">
     <span class='ocr_line' id='line_1_5' title="bbox 639 1059 1084 1144; baseline -0.009 -19"><span class='ocrx_word' id='word_1_18' title='bbox 639 1062 714 1125; x_wconf 87' lang='lat' dir='ltr'><strong>Leti</strong></span> <span class='ocrx_word' id='word_1_19' title='bbox 730 1062 881 1144; x_wconf 88' lang='lat' dir='ltr'>compede</span> <span class='ocrx_word' id='word_1_20' title='bbox 895 1059 1084 1124; x_wconf 82' lang='lat' dir='ltr'><strong>claudicans.</strong></span> 
     </span>
    </p>
   </div>
   <div class='ocr_carea' id='block_1_4' title="bbox 379 1266 1001 1476">
    <p class='ocr_par' dir='ltr' id='par_1_4' title="bbox 379 1266 1001 1476">
     <span class='ocr_line' id='line_1_6' title="bbox 379 1266 1001 1353; baseline -0.008 -21"><span class='ocrx_word' id='word_1_21' title='bbox 379 1268 427 1332; x_wconf 87' lang='lat' dir='ltr'>At</span> <span class='ocrx_word' id='word_1_22' title='bbox 441 1278 533 1353; x_wconf 88' lang='lat' dir='ltr'>parte</span> <span class='ocrx_word' id='word_1_23' title='bbox 549 1266 678 1343; x_wconf 86' lang='lat' dir='ltr'>exalia,</span> <span class='ocrx_word' id='word_1_24' title='bbox 703 1267 760 1350; x_wconf 92' lang='lat' dir='ltr'>qui</span> <span class='ocrx_word' id='word_1_25' title='bbox 773 1266 892 1329; x_wconf 88' lang='lat' dir='ltr'>vitulus</span> <span class='ocrx_word' id='word_1_26' title='bbox 908 1266 1001 1329; x_wconf 92' lang='lat' dir='ltr'>modo</span> 
     </span>
     <span class='ocr_line' id='line_1_7' title="bbox 379 1401 912 1476; baseline -0.009 -8"><span class='ocrx_word' id='word_1_27' title='bbox 379 1405 527 1468; x_wconf 80' lang='lat' dir='ltr'>Lascivus</span> <span class='ocrx_word' id='word_1_28' title='bbox 543 1403 657 1467; x_wconf 89' lang='lat' dir='ltr'>saliens</span> <span class='ocrx_word' id='word_1_29' title='bbox 673 1411 822 1465; x_wconf 86' lang='lat' dir='ltr'>texuerat</span> <span class='ocrx_word' id='word_1_30' title='bbox 836 1401 912 1476; x_wconf 83' lang='lat' dir='ltr'>vias,</span> 
     </span>
    </p>
   </div>
   <div class='ocr_carea' id='block_1_5' title="bbox 379 1534 1036 1612">
    <p class='ocr_par' dir='ltr' id='par_1_5' title="bbox 379 1534 1036 1612">
     <span class='ocr_line' id='line_1_8' title="bbox 379 1534 1036 1612; baseline -0.008 -11"><span class='ocrx_word' id='word_1_31' title='bbox 379 1537 428 1601; x_wconf 92' lang='lat' dir='ltr'>Ut</span> <span class='ocrx_word' id='word_1_32' title='bbox 442 1546 575 1602; x_wconf 88' lang='lat' dir='ltr'>matrem</span> <span class='ocrx_word' id='word_1_33' title='bbox 591 1536 700 1612; x_wconf 87' lang='lat' dir='ltr'>subiit,</span> <span class='ocrx_word' id='word_1_34' title='bbox 724 1558 802 1599; x_wconf 89' lang='lat' dir='ltr'>mox</span> <span class='ocrx_word' id='word_1_35' title='bbox 816 1535 877 1597; x_wconf 89' lang='lat' dir='ltr'>sibi</span> <span class='ocrx_word' id='word_1_36' title='bbox 892 1534 1036 1598; x_wconf 92' lang='lat' dir='ltr'>morbido</span> 
     </span>
    </p>
   </div>
   <div class='ocr_carea' id='block_1_6' title="bbox 640 1667 1063 1732">
    <p class='ocr_par' dir='ltr' id='par_1_6' title="bbox 640 1667 1063 1732">
     <span class='ocr_line' id='line_1_9' title="bbox 640 1667 1063 1732; baseline -0.007 0"><span class='ocrx_word' id='word_1_37' title='bbox 640 1669 769 1732; x_wconf 88' lang='lat' dir='ltr'>Pestem</span> <span class='ocrx_word' id='word_1_38' title='bbox 784 1668 885 1731; x_wconf 85' lang='lat' dir='ltr'>traxit</span> <span class='ocrx_word' id='word_1_39' title='bbox 899 1667 939 1731; x_wconf 88' lang='lat' dir='ltr'>ab</span> <span class='ocrx_word' id='word_1_40' title='bbox 955 1668 1063 1732; x_wconf 84' lang='lat' dir='ltr'>ubere.</span> 
     </span>
    </p>
   </div>
   <div class='ocr_carea' id='block_1_7' title="bbox 378 1875 1230 2227">
    <p class='ocr_par' dir='ltr' id='par_1_7' title="bbox 378 1875 1230 2227">
     <span class='ocr_line' id='line_1_10' title="bbox 378 1875 922 1950; baseline -0.007 -9"><span class='ocrx_word' id='word_1_41' title='bbox 378 1875 487 1941; x_wconf 91' lang='lat' dir='ltr'>Mater</span> <span class='ocrx_word' id='word_1_42' title='bbox 502 1877 645 1941; x_wconf 87' lang='lat' dir='ltr'>tristifico</span> <span class='ocrx_word' id='word_1_43' title='bbox 661 1877 790 1940; x_wconf 90' lang='lat' dir='ltr'>vulnere</span> <span class='ocrx_word' id='word_1_44' title='bbox 806 1876 922 1950; x_wconf 88' lang='lat' dir='ltr'>saucia,</span> 
     </span>
     <span class='ocr_line' id='line_1_11' title="bbox 379 2009 917 2083; baseline -0.006 -10"><span class='ocrx_word' id='word_1_45' title='bbox 379 2010 428 2074; x_wconf 92' lang='lat' dir='ltr'>Ut</span> <span class='ocrx_word' id='word_1_46' title='bbox 441 2011 522 2073; x_wconf 91' lang='lat' dir='ltr'>vidit</span> <span class='ocrx_word' id='word_1_47' title='bbox 536 2010 628 2073; x_wconf 91' lang='lat' dir='ltr'>vituli</span> <span class='ocrx_word' id='word_1_48' title='bbox 641 2010 767 2072; x_wconf 92' lang='lat' dir='ltr'>condita</span> <span class='ocrx_word' id='word_1_49' title='bbox 782 2009 917 2083; x_wconf 82' lang='lat' dir='ltr'>lumina3</span> 
     </span>
     <span class='ocr_line' id='line_1_12' title="bbox 378 2143 1230 2227; baseline 0.002 -21"><span class='ocrx_word' id='word_1_50' title='bbox 378 2143 527 2226; x_wconf 89' lang='lat' dir='ltr'>Mugitus</span> <span class='ocrx_word' id='word_1_51' title='bbox 541 2145 670 2221; x_wconf 81' lang='lat' dir='ltr'>iterans,</span> <span class='ocrx_word' id='word_1_52' title='bbox 694 2167 729 2206; x_wconf 91' lang='lat' dir='ltr'>ac</span> <span class='ocrx_word' id='word_1_53' title='bbox 745 2145 858 2207; x_wconf 87' lang='lat' dir='ltr'>misere</span> <span class='ocrx_word' id='word_1_54' title='bbox 870 2167 1011 2227; x_wconf 87' lang='lat' dir='ltr'>gemens,</span> <span class='ocrx_word' id='word_1_55' title='bbox 1188 2147 1230 2208; x_wconf 79' lang='lat'>75</span> 
     </span>
    </p>
   </div>
   <div class='ocr_carea' id='block_1_8' title="bbox 637 2276 1094 2360">
    <p class='ocr_par' dir='ltr' id='par_1_8' title="bbox 637 2276 1094 2360">
     <span class='ocr_line' id='line_1_13' title="bbox 637 2276 1094 2360; baseline 0.007 -21"><span class='ocrx_word' id='word_1_56' title='bbox 637 2276 742 2360; x_wconf 84' lang='lat' dir='ltr'>Lapsa</span> <span class='ocrx_word' id='word_1_57' title='bbox 758 2289 816 2354; x_wconf 92' lang='lat' dir='ltr'>est,</span> <span class='ocrx_word' id='word_1_58' title='bbox 841 2288 874 2341; x_wconf 93' lang='lat' dir='ltr'>et</span> <span class='ocrx_word' id='word_1_59' title='bbox 888 2280 989 2343; x_wconf 92' lang='lat' dir='ltr'>voluit</span> <span class='ocrx_word' id='word_1_60' title='bbox 1004 2281 1094 2342; x_wconf 91' lang='lat' dir='ltr'>mori.</span> 
     </span>
    </p>
   </div>
   <div class='ocr_carea' id='block_1_9' title="bbox 378 2481 1078 2568">
    <p class='ocr_par' dir='ltr' id='par_1_9' title="bbox 378 2481 1078 2568">
     <span class='ocr_line' id='line_1_14' title="bbox 378 2481 1078 2568; baseline 0.001 -22"><span class='ocrx_word' id='word_1_61' title='bbox 378 2481 469 2549; x_wconf 88' lang='lat' dir='ltr'>Tunc</span> <span class='ocrx_word' id='word_1_62' title='bbox 485 2493 638 2568; x_wconf 89' lang='lat' dir='ltr'>tanquam</span> <span class='ocrx_word' id='word_1_63' title='bbox 652 2493 809 2560; x_wconf 90' lang='lat' dir='ltr'>metuens,</span> <span class='ocrx_word' id='word_1_64' title='bbox 833 2506 873 2546; x_wconf 91' lang='lat' dir='ltr'>ne</span> <span class='ocrx_word' id='word_1_65' title='bbox 889 2484 958 2547; x_wconf 88' lang='lat' dir='ltr'>sitis</span> <span class='ocrx_word' id='word_1_66' title='bbox 976 2483 1078 2547; x_wconf 87' lang='lat' dir='ltr'>aridas</span> 
     </span>
    </p>
   </div>
   <div class='ocr_carea' id='block_1_10' title="bbox 379 2616 1136 2703">
    <p class='ocr_par' dir='ltr' id='par_1_10' title="bbox 379 2616 1136 2703">
     <span class='ocr_line' id='line_1_15' title="bbox 379 2616 1136 2703; baseline -0.004 -20"><span class='ocrx_word' id='word_1_67' title='bbox 379 2618 501 2683; x_wconf 86' lang='lat' dir='ltr'>Fauces</span> <span class='ocrx_word' id='word_1_68' title='bbox 516 2619 721 2703; x_wconf 88' lang='lat' dir='ltr'>opprimeret,</span> <span class='ocrx_word' id='word_1_69' title='bbox 746 2618 789 2681; x_wconf 90' lang='lat' dir='ltr'>sic</span> <span class='ocrx_word' id='word_1_70' title='bbox 805 2639 935 2700; x_wconf 93' lang='lat' dir='ltr'>quoque</span> <span class='ocrx_word' id='word_1_71' title='bbox 949 2616 1027 2682; x_wconf 91' lang='lat' dir='ltr'>dum</span> <span class='ocrx_word' id='word_1_72' title='bbox 1038 2617 1136 2702; x_wconf 86' lang='lat' dir='ltr'>jacet,</span> 
     </span>
    </p>
   </div>
   <div class='ocr_carea' id='block_1_11' title="bbox 376 2750 949 2816">
    <p class='ocr_par' dir='ltr' id='par_1_11' title="bbox 376 2750 949 2816">
     <span class='ocr_line' id='line_1_16' title="bbox 376 2750 949 2816; baseline -0.005 0"><span class='ocrx_word' id='word_1_73' title='bbox 376 2751 531 2816; x_wconf 86' lang='lat' dir='ltr'>Admovit</span> <span class='ocrx_word' id='word_1_74' title='bbox 543 2752 680 2815; x_wconf 89' lang='lat' dir='ltr'>moriens</span> <span class='ocrx_word' id='word_1_75' title='bbox 694 2750 795 2813; x_wconf 89' lang='lat' dir='ltr'>ubera</span> <span class='ocrx_word' id='word_1_76' title='bbox 808 2759 949 2814; x_wconf 86' lang='lat' dir='ltr'>mortuo:</span> 
     </span>
    </p>
   </div>
   <div class='ocr_carea' id='block_1_12' title="bbox 637 2882 1233 2968">
    <p class='ocr_par' dir='ltr' id='par_1_12' title="bbox 637 2882 1233 2968">
     <span class='ocr_line' id='line_1_17' title="bbox 637 2882 1233 2968; baseline 0.002 -21"><span class='ocrx_word' id='word_1_77' title='bbox 637 2882 716 2947; x_wconf 90' lang='lat' dir='ltr'>Post</span> <span class='ocrx_word' id='word_1_78' title='bbox 733 2892 868 2947; x_wconf 89' lang='lat' dir='ltr'>mortem</span> <span class='ocrx_word' id='word_1_79' title='bbox 882 2882 985 2968; x_wconf 87' lang='lat' dir='ltr'>pietas</span> <span class='ocrx_word' id='word_1_80' title='bbox 999 2884 1099 2968; x_wconf 85' lang='lat' dir='ltr'>viget!</span> <span class='ocrx_word' id='word_1_81' title='bbox 1188 2884 1233 2949; x_wconf 89' lang='lat'>80</span> 
     </span>
    </p>
   </div>
   <div class='ocr_carea' id='block_1_13' title="bbox 377 3090 1063 3555">
    <p class='ocr_par' dir='ltr' id='par_1_13' title="bbox 377 3090 1063 3173">
     <span class='ocr_line' id='line_1_18' title="bbox 377 3090 1063 3173; baseline -0.004 -18"><span class='ocrx_word' id='word_1_82' title='bbox 377 3090 465 3154; x_wconf 91' lang='lat' dir='ltr'>Hinc</span> <span class='ocrx_word' id='word_1_83' title='bbox 479 3099 602 3166; x_wconf 70' lang='lat' dir='ltr'>taurus</span> <span class='ocrx_word' id='word_1_84' title='bbox 625 3090 718 3153; x_wconf 89' lang='lat' dir='ltr'>solidi</span> <span class='ocrx_word' id='word_1_85' title='bbox 731 3091 779 3153; x_wconf 91' lang='lat' dir='ltr'>vir</span> <span class='ocrx_word' id='word_1_86' title='bbox 792 3090 898 3172; x_wconf 84' lang='lat' dir='ltr'>gregis</span> <span class='ocrx_word' id='word_1_87' title='bbox 913 3099 947 3152; x_wconf 90' lang='lat' dir='ltr'>et</span> <span class='ocrx_word' id='word_1_88' title='bbox 960 3099 1063 3173; x_wconf 88' lang='lat' dir='ltr'>pater,</span> 
     </span>
    </p>

    <p class='ocr_par' dir='ltr' id='par_1_14' title="bbox 377 3219 974 3297">
     <span class='ocr_line' id='line_1_19' title="bbox 377 3219 974 3297; baseline -0.002 -12"><span class='ocrx_word' id='word_1_89' title='bbox 377 3221 515 3285; x_wconf 84' lang='lat' dir='ltr'>Cervicis</span> <span class='ocrx_word' id='word_1_90' title='bbox 529 3219 653 3296; x_wconf 89' lang='lat' dir='ltr'>validae,</span> <span class='ocrx_word' id='word_1_91' title='bbox 676 3219 790 3284; x_wconf 89' lang='lat' dir='ltr'>frontis</span> <span class='ocrx_word' id='word_1_92' title='bbox 806 3231 840 3283; x_wconf 89' lang='lat' dir='ltr'>et</span> <span class='ocrx_word' id='word_1_93' title='bbox 854 3221 974 3297; x_wconf 89' lang='lat' dir='ltr'>arduae,</span> 
     </span>
    </p>

    <p class='ocr_par' dir='ltr' id='par_1_15' title="bbox 377 3352 1049 3555">
     <span class='ocr_line' id='line_1_20' title="bbox 377 3352 1049 3440; baseline 0.003 -23"><span class='ocrx_word' id='word_1_94' title='bbox 377 3353 489 3418; x_wconf 87' lang='lat' dir='ltr'>Laetus</span> <span class='ocrx_word' id='word_1_95' title='bbox 501 3353 578 3417; x_wconf 92' lang='lat' dir='ltr'>dum</span> <span class='ocrx_word' id='word_1_96' title='bbox 592 3352 719 3417; x_wconf 92' lang='lat' dir='ltr'>sibimet</span> <span class='ocrx_word' id='word_1_97' title='bbox 733 3354 806 3438; x_wconf 90' lang='lat' dir='ltr'>plus</span> <span class='ocrx_word' id='word_1_98' title='bbox 820 3355 918 3419; x_wconf 90' lang='lat' dir='ltr'>nimio</span> <span class='ocrx_word' id='word_1_99' title='bbox 932 3355 1049 3440; x_wconf 89' lang='lat' dir='ltr'>placet,</span> 
     </span>
     <span class='ocr_line' id='line_1_21' title="bbox 638 3487 1044 3555; baseline -0.002 -3"><span class='ocrx_word' id='word_1_100' title='bbox 638 3487 735 3552; x_wconf 89' lang='lat' dir='ltr'>Prato</span> <span class='ocrx_word' id='word_1_101' title='bbox 750 3489 888 3555; x_wconf 85' lang='lat' dir='ltr'>concidit</span> <span class='ocrx_word' id='word_1_102' title='bbox 901 3490 1044 3553; x_wconf 89' lang='lat' dir='ltr'>herbido.</span> 
     </span>
    </p>
   </div>
   <div class='ocr_carea' id='block_1_14' title="bbox 377 3695 1229 4039">
    <p class='ocr_par' dir='ltr' id='par_1_16' title="bbox 377 3695 1229 4039">
     <span class='ocr_line' id='line_1_22' title="bbox 378 3695 1229 3764; baseline -0.005 0"><span class='ocrx_word' id='word_1_103' title='bbox 378 3697 484 3764; x_wconf 78' lang='lat' dir='ltr'>Quam</span> <span class='ocrx_word' id='word_1_104' title='bbox 498 3698 607 3762; x_wconf 89' lang='lat' dir='ltr'>multis</span> <span class='ocrx_word' id='word_1_105' title='bbox 621 3697 705 3762; x_wconf 87' lang='lat' dir='ltr'>foliis</span> <span class='ocrx_word' id='word_1_106' title='bbox 720 3698 797 3761; x_wconf 89' lang='lat' dir='ltr'>silva</span> <span class='ocrx_word' id='word_1_107' title='bbox 812 3695 997 3761; x_wconf 90' lang='lat' dir='ltr'>cadentibus</span> <span class='ocrx_word' id='word_1_108' title='bbox 1186 3698 1229 3760; x_wconf 87' lang='grc'>85</span> 
     </span>
     <span class='ocr_line' id='line_1_23' title="bbox 377 3828 1020 3913; baseline 0 -21"><span class='ocrx_word' id='word_1_109' title='bbox 377 3828 539 3907; x_wconf 86' lang='lat' dir='ltr'>Nudatur,</span> <span class='ocrx_word' id='word_1_110' title='bbox 562 3829 674 3912; x_wconf 87' lang='lat' dir='ltr'>gelidis</span> <span class='ocrx_word' id='word_1_111' title='bbox 689 3840 775 3893; x_wconf 87' lang='lat' dir='ltr'>tacta</span> <span class='ocrx_word' id='word_1_112' title='bbox 790 3830 1020 3913; x_wconf 88' lang='lat' dir='ltr'>Aquilonibus:</span> 
     </span>
     <span class='ocr_line' id='line_1_24' title="bbox 378 3960 1046 4039; baseline 0 -14"><span class='ocrx_word' id='word_1_113' title='bbox 378 3960 485 4027; x_wconf 81' lang='lat' dir='ltr'>Quam</span> <span class='ocrx_word' id='word_1_114' title='bbox 500 3961 604 4025; x_wconf 89' lang='lat' dir='ltr'>densis</span> <span class='ocrx_word' id='word_1_115' title='bbox 618 3961 747 4025; x_wconf 88' lang='lat' dir='ltr'>fluitant</span> <span class='ocrx_word' id='word_1_116' title='bbox 760 3962 930 4025; x_wconf 87' lang='lat' dir='ltr'>velleribus</span> <span class='ocrx_word' id='word_1_117' title='bbox 944 3963 1046 4039; x_wconf 80' lang='lat' dir='ltr'>nives3</span> 
     </span>
    </p>
   </div>
   <div class='ocr_carea' id='block_1_15' title="bbox 636 4093 1145 4180">
    <p class='ocr_par' dir='ltr' id='par_1_17' title="bbox 636 4093 1145 4180">
     <span class='ocr_line' id='line_1_25' title="bbox 636 4093 1145 4180; baseline -0.004 -22"><span class='ocrx_word' id='word_1_118' title='bbox 636 4093 717 4160; x_wconf 89' lang='lat' dir='ltr'>Tam</span> <span class='ocrx_word' id='word_1_119' title='bbox 733 4096 852 4160; x_wconf 88' lang='lat' dir='ltr'>crebrae</span> <span class='ocrx_word' id='word_1_120' title='bbox 867 4096 1027 4180; x_wconf 88' lang='lat' dir='ltr'>pecudum</span> <span class='ocrx_word' id='word_1_121' title='bbox 1041 4117 1145 4159; x_wconf 87' lang='lat' dir='ltr'>neces.</span> 
     </span>
    </p>
   </div>
   <div class='ocr_carea' id='block_1_16' title="bbox 0 0 1404 4740">
    <p class='ocr_par' dir='ltr' id='par_1_18' title="bbox 0 0 1404 4740">
     <span class='ocr_line' id='line_1_26' title="bbox 0 0 1404 4740; baseline 0 0"><span class='ocrx_word' id='word_1_122' title='bbox 0 0 1404 4740; x_wconf 95' lang='lat' dir='ltr'> </span> 
     </span>
    </p>
   </div>
  </div>
 </body>
</html>
