2798 4740
623 402 735 475 noum.
1133 415 1174 477 47

174 591 293 642 Lucanus
311 593 362 653 Vl,
386 594 431 644 992
459 593 514 644 Nee
531 595 601 644 medii
619 595 733 645 dirimunt
747 595 821 646 morbi
840 597 957 661 uitamque
976 612 1105 661 necemque,
1125 597 1177 646 Sed

170 679 271 746 &equor
281 697 333 732 eum
344 689 417 732 morte
427 683 648 734 uenit-Wnuus.

221 855 307 910 Vnus.
320 856 449 908 ill-Nee
464 858 559 922 patitur
576 860 675 924 morae]
703 859 792 910 Senes.
810 859 886 909 Here.
904 858 963 909 Fur.
982 875 1006 910 v.
1019 859 1076 909 611.
1115 857 1176 910 Odit

170 961 240 997 ustus
253 962 328 1006 amor,
344 963 386 998 nee
401 949 497 1013 patitur
512 964 600 998 muas.
635 947 674 998 Et
688 948 778 1000 Oeten.
795 963 819 998 v.
833 949 890 999 357.
925 947 1072 1013 Patiturque
1085 964 1174 999 morum

170 1033 264 1086 mern
273 1034 447 1087 nullan-W.

221 1212 308 1266 Vnus.
320 1212 480 1263 {id-Fortia
491 1229 592 1278 eorporu
604 1213 694 1279 boun]
731 1213 807 1264 Ovid.
821 1228 839 1264 1.
861 1212 938 1263 Pont.
951 1213 975 1263 5.
1016 1212 1102 1264 Cernis
1112 1219 1139 1263 ut
1149 1214 1175 1262 in

170 1302 238 1352 duris
249 1305 286 1368 (et
296 1301 355 1367 quid
364 1302 422 1353 boue
430 1302 561 1366 finniust)
578 1303 644 1352 aruit
651 1302 738 1353 Fortia
747 1311 868 1353 taurorum
878 1319 980 1368 torpore
987 1304 1094 1368 stunqat
1102 1319 1172 1368 opus.

172 1390 226 1441 Bos
237 1397 320 1441 eutem
333 1390 386 1441 sive
398 1398 484 1440 taurus
495 1397 590 1440 naturae
600 1389 733 1440 admodum
744 1391 854 1441 robustae
864 1407 892 1440 sc
904 1390 991 1440 validte
1002 1397 1049 1440 est.
1081 1390 1173 1441 Johnn.

174 1477 267 1529 Thom.
289 1476 404 1542 Freigius
423 1477 450 1526 in
468 1485 555 1542 quoest
575 1477 653 1543 Phys.
669 1477 714 1528 lib.
732 1479 772 1529 34.
794 1494 850 1543 pag.
866 1478 937 1530 1084.
959 1477 1029 1527 Hinc
1044 1477 1136 1541 Virgdl.
1153 1493 1172 1533 1,

174 1567 266 1632 Georg.
296 1567 383 1617 Fortes
393 1566 545 1617 tauri-W.
581 1566 667 1617 Fortia
676 1583 780 1631 corporo
791 1565 880 1632 boum]
904 1565 931 1617 S.
944 1564 1072 1619 Valeriuu.
1089 1564 1175 1617 Cime-

169 1654 248 1705 lensis
267 1671 341 1704 serm.
364 1654 480 1705 debono
499 1652 649 1718 discipliuae:
682 1654 773 1714 Videte,
798 1653 868 1719 qudm
882 1655 964 1720 sortia
983 1652 1051 1704 boum
1072 1670 1175 1720 corpora

167 1741 276 1809 pluuetro
294 1742 432 1809 subjicem
469 1743 509 1793 Ibi
526 1743 593 1792 hunc
610 1741 712 1792 adducit
729 1741 813 1792 locum
833 1742 860 1791 in
880 1741 956 1792 Notis
974 1741 1043 1792 omni
1062 1741 1175 1791 doctrina

169 1830 336 1896 politissimus
347 1830 493 1891 Goldustus,
508 1846 592 1881 nomm
600 1830 664 1880 illud
671 1838 754 1895 eaput.
778 1829 872 1881 Boetu
885 1830 930 1881 lib.
943 1832 968 1880 3.
978 1846 1045 1895 pros.
1058 1833 1083 1882 ἃ
1106 1830 1175 1882 Num

170 1927 252 1971 tauros
268 1919 352 1971 robore
368 1937 484 1986 superare
502 1920 631 1985 poterint?
662 1919 757 1971 Confer
774 1918 885 1968 Iudicem
902 1918 930 1968 in
946 1917 1038 1968 Hilarii
1053 1918 1175 1979 Genesin,

169 2022 232 2058 voce
248 2008 429 2058 Areten-W.
463 2007 588 2067 Plaustro,
610 2007 636 2057 h.
652 2005 714 2072 jugo
731 2007 762 2057 ad
782 2007 929 2072 plaustrum,
948 2007 1025 2068 nudi,
1048 2005 1175 2072 subjungi,

170 2095 253 2148 subire
272 2097 350 2148 boves
369 2097 494 2157 dicuntum,
510 2096 638 2161 frequenti
655 2096 771 2157 formula,
793 2096 865 2162 eujus
885 2096 957 2161 pluru
974 2095 1089 2161 exemplo
1104 2095 1175 2147 dedit

173 2185 316 2237 Schefferus
329 2185 360 2236 de
375 2201 402 2236 re
416 2184 498 2238 vehic.
515 2184 560 2237 lib.
577 2200 596 2245 1,
613 2201 667 2250 cup.
686 2186 724 2246 10,
741 2202 766 2251 p.
785 2187 839 2237 lll.
874 2186 961 2237 Fortia
974 2203 1076 2252 eorpora
1091 2184 1174 2236 bobus

169 2275 299 2340 inprimis
315 2274 399 2325 solent
412 2273 498 2326 tribui.
537 2273 614 2325 Ovid.
632 2275 708 2325 Pont.
726 2289 744 2334 1,
761 2274 784 2325 4.
806 2276 848 2325 ll:
875 2273 961 2325 Cernis
977 2282 1004 2324 ut
1018 2276 1044 2324 iu
1060 2274 1136 2334 duris,
1152 2281 1175 2323 et

169 2363 229 2428 quid
237 2363 295 2414 boue
302 2363 408 2427 firmius,
425 2363 492 2412 arsis
502 2361 588 2412 Fortia
599 2369 721 2413 taurorum
730 2379 832 2429 corpora
840 2365 948 2430 srunqat
956 2363 1174 2429 opste-Wnuus-
1194 2425 1196 2429 ι

221 2539 308 2593 Vsus.
321 2538 508 2590 ffi-Genum
518 2539 623 2604 suentiu]
641 2537 722 2599 Mene,
737 2554 782 2604 pro
793 2554 865 2599 sono,
880 2538 976 2603 opinor,
993 2537 1084 2603 posits.
1122 2537 1173 2588 Per

168 2629 309 2679 huncenim
315 2628 354 2688 fit,
368 2635 398 2679 ut
406 2626 557 2693 crepitacula
562 2627 603 2679 vel
609 2627 674 2678 nolte
681 2636 757 2692 utque
765 2627 933 2678 tintinnabula
941 2627 1025 2678 vivere
1033 2643 1062 2677 en
1073 2634 1172 2678 tuntum

169 2733 222 2768 non
235 2725 321 2770 mente
334 2717 437 2783 predita
455 2717 599 2769 videantur:
627 2719 763 2782 presertim
779 2717 801 2766 si
815 2716 888 2781 pluro
901 2716 970 2767 suuvi
982 2715 1111 2768 humonia
1124 2716 1172 2769 sibi

169 2807 277 2858 invicem
286 2815 433 2866 consonent,
447 2813 608 2858 decertatum
619 2806 762 2858 oontionum
774 2806 907 2857 melodium
915 2806 1063 2871 exprimunt
1097 2807 1174 2867 Quod

169 2893 302 2946 artifioimn
313 2909 360 2944 neo
371 2893 464 2944 nostris
475 2893 583 2958 amplius
593 2894 737 2945 hominibus
748 2892 821 2958 plani
831 2893 1001 2958 incognitum
1024 2901 1083 2945 utut
1093 2895 1174 2945 exteri

169 2982 274 3034 uutehsc
285 2997 316 3034 eo
328 2998 355 3032 se
368 2980 496 3048 jactuum
533 2982 602 3037 Vide
615 2981 722 3033 Hieron.
741 2981 812 3046 Mag.
826 2981 858 3032 de
872 2980 1047 3033 tintinnabulis
1062 2997 1116 3046 esp.
1134 2983 1173 3035 17.

170 3088 227 3124 eum
240 3072 307 3124 notis
324 3071 367 3122 Fr·
386 3071 561 3123 Swertii-S.
599 3069 672 3122 Nulli
689 3070 839 3130 dubitamus,
862 3078 962 3134 poetam
978 3070 1015 3120 sie
1028 3069 1170 3135 scripsisse:

174 3160 473 3228 Queisfroutespeminoe‚
489 3157 692 3211 wnsouotiusulo
707 3157 989 3225 Commerepituudo,
1007 3158 1174 3211 Aetusoouei·

169 3248 238 3300 mit.
274 3247 405 3300 Describit
426 3247 493 3298 enim
514 3262 560 3314 per
580 3246 678 3299 frontes
699 3247 811 3313 geminus
830 3246 939 3298 similem
960 3247 1068 3299 formum
1086 3249 1173 3312 boum,

169 3336 327 3402 similemque
345 3343 487 3401 aspectum:
504 3335 651 3401 'eodemque
670 3335 746 3388 modo
762 3335 868 3387 inferius
884 3352 909 3387 v.
924 3337 958 3388 82
976 3337 1061 3390 laudet
1078 3345 1174 3390 taurum
1199 3350 1202 3352 ’

121 3427 125 3431 “
160 3426 255 3492 finnus
265 3425 356 3476 ardun.
377 3424 405 3475 H
408 3423 506 3481 EVM.
527 3423 586 3489 Ego
596 3424 660 3474 nihil
671 3423 817 3476 mutandum
829 3433 900 3490 puto,
916 3425 990 3478 aliter
1000 3433 1084 3478 temen
1093 3428 1174 3493 expli.

170 3513 248 3565 eundo
257 3513 340 3574 sethe,
355 3528 385 3564 se
396 3513 503 3565 Severus
514 3511 583 3573 feeit,
598 3513 642 3578 qui
652 3513 735 3564 munde
742 3512 819 3565 trehit
829 3512 861 3564 ud
872 3513 1032 3578 crepitaculo,
1046 3522 1074 3566 et
1081 3531 1172 3566 sonum

169 3602 296 3668 intelligit,
312 3618 365 3669 quo
377 3602 431 3664 fist,
447 3610 477 3655 ut
489 3601 642 3669 crepitacula
654 3600 739 3653 vivere
750 3616 780 3653 se
793 3607 891 3652 tuntum
904 3616 958 3652 non
969 3609 1054 3654 mente
1067 3603 1173 3669 pendito

170 3692 308 3746 videnntm.
339 3692 433 3745 Mentis
450 3692 554 3758 antiquo
572 3692 695 3757 seriptum
713 3698 755 3742 est
772 3705 821 3756 pro
839 3697 932 3741 uentu.
972 3691 1031 3752 Quo
1050 3691 1172 3745 venabulo

169 3789 251 3848 poeto
265 3797 445 3847 nonnunquam
459 3781 596 3834 abutuntur
609 3780 642 3832 ed
656 3778 768 3831 indolem
781 3786 808 3830 et
819 3786 932 3831 naturum
944 3779 1076 3832 brutorum
1089 3780 1172 3848 desig.

170 3872 284 3923 mudum.
322 3871 395 3937 Virg·
420 3871 454 3925 G.
472 3887 513 3933 111,
535 3873 598 3924 267:
618 3873 697 3937 fluor
712 3878 748 3920 est
766 3870 867 3937 tusique
885 3887 1005 3937 munuum,
1028 3870 1066 3922 Et
1083 3879 1173 3923 mentes:

177 3958 258 4012 Venus
269 3961 325 4027 ipse
339 3959 410 4011 dedit.
448 3959 571 4012 Similiter
585 3959 674 4013 Claud.
687 3958 732 4012 IV
747 3960 824 4013 Cous.
840 3958 910 4011 Hon.
923 3960 981 4021 233,
998 3960 1172 4013 ePlstonieo-

170 4063 225 4098 rum
239 4057 392 4109 oommentn,
408 4056 499 4114 preter
512 4055 624 4100 mentem
638 4048 708 4099 illum
723 4048 850 4114 proprium
863 4048 982 4111 hominis,
996 4050 1102 4117 qustum
1112 4050 1173 4105 alins

172 4135 195 4186 ei
213 4136 310 4198 tribuit,
339 4154 399 4204 quus
419 4155 565 4191 communes
588 4155 645 4191 cum
664 4136 745 4192 brutis
764 4138 848 4201 hebet,
872 4141 934 4191 irum
955 4148 982 4191 et
1001 4139 1171 4204 cupiditatem.
