2798 4740
234 423 277 487 46
448 501 462 521 ·
680 439 792 484 noum.

285 605 371 659 Vens.
384 603 555 655 25.-Solitus
566 605 654 670 obsec]
676 601 771 655 Confer
781 601 908 655 Vechncr.
922 600 1072 651 hellenolex.
1084 616 1101 651 1.
1115 617 1172 666 pag.
1186 602 1243 651 132.

236 701 262 744 et
279 708 331 756 seq.
355 692 448 742 Boetu.
459 691 504 742 lib.
521 706 540 741 1.
562 699 662 742 metam.
681 693 705 741 2.
736 690 833 739 Rimari
849 688 933 739 solitus
949 696 1020 753 atquc
1036 687 1130 738 latentis
1147 697 1244 739 noturoe

234 783 317 831 corios
329 780 425 830 reddere
435 796 529 830 corsos.
567 780 597 829 In
613 778 735 831 catalect.
752 778 842 842 Sculig.
858 777 903 829 lib.
917 793 935 827 1.
954 793 1009 841 pag.
1026 778 1080 829 184.
1114 777 1179 828 Fata
1193 795 1244 843 per

234 867 349 918 bumcnos
369 866 452 917 solitus
470 884 611 932 pernoscere
631 864 799 931 fibram-W.
848 864 992 916 Salubribus
1013 866 1090 916 succis
1109 867 1242 930 perniciem

231 955 338 1021 pellere]
358 955 434 1006 Ouid.
448 957 472 1005 3.
487 954 557 1006 Fast.
568 970 633 1005 vers.
647 956 704 1006 827.
737 953 843 1004 Pboebcd
854 952 946 1004 morbos
956 954 1001 1018 qui
1012 952 1100 1018 pellitis
1111 961 1170 1003 orte.
1210 953 1240 1004 S.

238 1044 369 1096 Orientius
386 1044 413 1093 in
430 1043 584 1096 Commonit.
601 1059 624 1094 u.
641 1045 681 1095 78
721 1042 840 1093 Gramina
855 1041 989 1092 dmcerncns
1003 1042 1083 1091 tristes
1097 1041 1242 1092 medicantia

234 1131 326 1182 morbos
345 1131 421 1182 Pollis
439 1130 553 1198 letiferum
572 1130 666 1181 sedulus
685 1139 738 1181 crte
756 1129 929 1181 molum-W.
961 1128 1044 1180 solitus
1062 1132 1139 1180 mdccc.
1162 1129 1240 1194 Virg.

236 1220 300 1271 AEn.
319 1219 388 1280 ΧΠ,
409 1222 469 1271 396ι
498 1219 569 1270 Scire
590 1226 720 1285 potestates
738 1218 863 1269 herbarum
878 1234 992 1283 mumque
1009 1217 1122 1268 medendi.
1159 1217 1239 1269 Ovio.

237 1308 307 1361 Fost.
323 1308 377 1370 ΙΙΙ,
392 1309 455 1360 8272
480 1307 586 1359 Pboebco
596 1307 688 1358 morbos
699 1308 741 1374 qui
747 1306 837 1374 pellitis
848 1307 1056 1357 orte-Wnuns.

284 1488 370 1542 Vnus.
381 1487 514 1541 27.-Cur
522 1487 721 1554 nommticipoms]
739 1486 818 1538 Juxta
825 1485 888 1535 illud
899 1485 1015 1550 Theogn.
1027 1485 1096 1535 1130.
1116 1489 1240 1551 Ζητῶμεν

234 1576 329 1628 t'tlmi
345 1578 467 1644 φάρμακα
483 1588 609 1644 properos.
640 1576 688 1628 Cui
700 1575 793 1624 similia
804 1573 898 1639 passim
911 1572 1058 1624 obvie-s.
1093 1575 1239 1639 anticipans,

232 1672 291 1715 ente
303 1664 414 1727 cogitans
426 1672 453 1715 et
460 1663 606 1729 precipiens
617 1663 708 1714 animo.
735 1661 809 1726 Virg.
822 1661 859 1711 A.
872 1660 924 1720 VI,
943 1661 1002 1712 105:
1026 1659 1115 1712 Omnia
1122 1662 1238 1728 precepi,

233 1759 304 1818 atque
314 1752 391 1802 omimo
402 1769 489 1803 moerim
499 1759 554 1802 omtc
561 1750 800 1819 percpi.-Wuuus.

284 1929 370 1983 Vnus.
385 1930 573 1981 eu-Admooi
589 1928 695 1995 mamm]
716 1926 792 1978 ovid.
809 1940 828 1975 ι.
850 1925 927 1976 Pont.
941 1927 966 1975 4.
1002 1925 1112 1976 Hor-rent
1129 1926 1240 1978 admotos

232 2016 330 2067 rodomo
341 2017 517 2067 codomanus.
545 2015 639 2066 Bouto.
652 2014 697 2065 lib.
708 2029 727 2064 1.
743 2029 810 2079 pros.
823 2016 848 2065 2.
876 2013 991 2063 Admovit
997 2013 1240 2078 pectorimeolenitcr

232 2104 412 2154 monum-W.
450 2103 685 2169 Medionemeton]
712 2102 777 2154 scat.
800 2101 862 2153 Silv.
881 2103 905 2152 5.
931 2101 1039 2166 Epiced.
1059 2101 1085 2151 in
1103 2102 1239 2155 filium:-

232 2189 390 2256 Mediccsquc
403 2207 488 2240 monus
494 2192 649 2256 fomentoque
659 2207 739 2256 quero
753 2189 902 2250 Vulneribus,
921 2189 964 2240 sed
974 2205 1073 2250 menno,
1091 2191 1237 2242 mein-W.

282 2366 368 2423 vies.
380 2366 534 2419 29—Tomti
543 2365 688 2418 niuammi
694 2366 882 2433 peruicsipnm]
900 2367 961 2417 Non
969 2365 1068 2418 diverso
1075 2366 1150 2432 plene
1158 2383 1238 2419 sensu

231 2456 357 2510 videturb
371 2456 486 2523 Thucyd.
503 2455 553 2507 dici
568 2454 715 2521 pestilentie
727 2453 772 2505 illo
784 2454 875 2506 Attico
888 2455 1008 2520 quosdam
1022 2454 1173 2520 corripuisse
1186 2456 1237 2508 ἀπ’
1266 2456 1269 2460 ’

230 2541 349 2614 οὗδεμιᾶς
371 2546 529 2613 προφάσεως,
555 2544 615 2596 ἀλλ’
640 2545 769 2610 ἐξαίφνης,
801 2543 865 2593 nult
888 2543 954 2594 certd
970 2544 1141 2611 manifestoque
1159 2546 1237 2596 coued

230 2642 368 2701 apparente,
389 2634 432 2684 scd
446 2651 476 2684 cc
493 2633 633 2700 improviso,·
656 2631 724 2697 quod
742 2630 888 2683 Scholiastae
905 2631 939 2682 ib.
957 2639 1004 2691 est,
1022 2631 1235 2698 ἀπροφασίστως.

234 2720 359 2774 caeterum
376 2720 483 2771 multum
500 2721 532 2770 ed
547 2719 730 2785 propulsandos
745 2718 846 2769 morbos
862 2717 930 2778 fecit,
950 2718 1082 2770 observare
1098 2727 1174 2784 utque
1191 2736 1236 2770 ex-

228 2808 337 2874 pendere
347 2808 447 2860 illorum
460 2809 542 2873 signu:
565 2808 666 2858 undeet
677 2807 814 2858 Medicinoe
824 2823 881 2872 pars
892 2807 976 2872 ulique
986 2812 1138 2875 σημειωηιή
1151 2809 1232 2862 dictu:

229 2904 256 2947 et
266 2896 298 2947 ob
311 2896 453 2963 Herophilo
465 2898 608 2949 introducta
622 2899 757 2965 σημείωσις
775 2899 922 2963 τρίχρονος,
941 2913 995 2961 quoe
1008 2897 1079 2962 signe
1090 2897 1235 2950 effectionis

229 2985 335 3053 alicujus
346 2987 472 3039 indicabat
488 2987 582 3052 triplici
594 2995 737 3051 temporum
752 2986 816 3036 serie
829 2984 960 3048 distinctm
983 2986 1192 3050 quemadmodum
1205 3003 1238 3038 ex

231 3075 342 3141 Hippoc.
359 3085 385 3128 et
399 3077 456 3129 Gal.
478 3076 579 3127 trudunt
593 3075 684 3128 Gorrh.
703 3075 729 3123 in
746 3074 843 3125 definit.
858 3081 885 3124 et
899 3074 953 3124 An.
974 3073 1081 3125 Foesius
1095 3074 1122 3123 in
1136 3074 1235 3126 Lexico

230 3161 342 3228 Hippou.
358 3162 402 3215 Εὸ
413 3162 525 3213 Buculus
534 3162 600 3213 forte
608 3163 657 3222 hlc,
670 3163 782 3226 quamvis
791 3163 821 3213 de
832 3162 971 3227 pecudibus
982 3163 1070 3214 saltem
1082 3179 1158 3227 egens
1171 3164 1234 3225 suis,

228 3251 373 3316 respiciens,
390 3252 483 3301 mulum
493 3249 543 3302 clm
556 3267 612 3301 esse
623 3251 758 3302 vehemens
771 3253 891 3317 queritur,
908 3260 937 3303 ut
948 3251 1023 3302 simul
1035 3267 1076 3301 eus
1088 3259 1114 3302 et
1125 3261 1236 3316 occupet

229 3347 256 3390 et
266 3338 405 3402 interimat;
423 3340 499 3389 nullis
507 3339 682 3404 apparentibus
691 3340 769 3404 signis
780 3340 880 3405 perviis,
894 3342 982 3402 idest,
997 3341 1099 3398 talibus,
1115 3337 1236 3403 equibus

227 3426 356 3478 medicine
375 3428 455 3480 adhuc
473 3428 558 3479 locum
576 3427 684 3492 aliquem
703 3428 818 3479 relictum
836 3433 986 3494 cognoscere
1003 3428 1091 3479 liceat:
1116 3434 1146 3477 ut
1162 3427 1235 3492 signa
1307 3466 1318 3476 ,.

227 3516 313 3582 pervio
323 3517 382 3578 sint,
399 3518 472 3582 plano
486 3525 512 3569 et
523 3516 663 3577 manifeste,
681 3516 720 3567 vel
735 3533 790 3582 quse
805 3516 937 3568 intellectu
950 3515 1074 3581 penetrari
1088 3514 1234 3580 possint.—

230 3609 257 3660 S.
292 3608 393 3669 Porcio,
410 3609 561 3676 apparentia,
576 3610 711 3674 'perspectu
722 3606 962 3657 sacillo-Wnens.

278 3786 362 3840 VERs.
383 3786 585 3853 {ist-Corripit]
604 3784 691 3845 πιέζει,
708 3783 819 3849 κατέχει,
836 3788 931 3850 κρατεῖ.
954 3783 1034 3833 Siber.
1048 3782 1074 3832 in
1087 3782 1229 3849 Gemmup.

226 3874 361 3923 uem-W.
380 3873 483 3923 Morbus
492 3875 626 3939 opprimit]
638 3875 666 3924 rb
676 3874 759 3939 χρεών
768 3892 828 3923 τινα
838 3871 1014 3938 exinanitio,
1025 3871 1230 3936 καταλαμβάνει.

229 3959 309 4011 Siber.
323 3977 348 4024 p.
362 3961 494 4011 377.-w.
529 3962 636 4025 corripit,
654 3961 687 4021 id,
704 3961 813 4011 insusu's
823 3961 964 4012 ulliterutio.
1003 3961 1088 4019 Forte,
1103 3961 1169 4025 quod
1178 3978 1232 4011 cor-

226 4050 301 4114 ripuit
319 4048 419 4107 morbus,
440 4048 466 4097 id
483 4049 602 4113 opprimit.
642 4049 670 4097 Iu
690 4049 792 4099 eandem
812 4049 961 4101 sententiam
978 4049 1009 4099 de
1026 4048 1083 4099 luce
1101 4048 1233 4099 mortifera
