2798 4740
613 440 726 489 NOTAE.

396 622 426 664 Es
438 620 507 674 puegt
518 620 543 663 ln
556 621 595 663 der
607 621 668 664 Welt
679 633 705 664 so
718 632 747 665 zu
759 621 817 674 genn

417 697 475 738 Dass
487 695 591 748 Unglr'iok
603 695 700 739 hinterm
712 696 786 740 Gluek
797 696 849 739 thot
861 695 933 748 stelin,

394 767 462 812 Gwln
475 769 522 811 und
534 769 631 818 Verlust,
644 770 727 812 Frewd
739 770 787 812 und
801 771 905 821 trowren,

414 841 470 884 Slnd
482 842 532 884 sehr
543 842 589 884 noh
601 843 718 886 vernandt
731 843 894 893 Naohbowrem

395 916 487 968 Regiert
498 915 560 959 einer
572 917 627 960 umb
641 916 685 959 den
697 916 789 970 andern,

418 988 483 1033 Wers
493 989 557 1032 nicht
568 990 643 1034 leiden
654 991 707 1044 kun,
719 1001 772 1044 mog
784 991 898 1035 neodem.
1003 1011 1005 1014 ·

171 1119 212 1170 lto
223 1119 426 1184 quoque-Eoo
436 1122 520 1172 erasm
530 1120 619 1172 oresio
634 1139 731 1173 mnus.-

394 1255 490 1305 Poeno.
503 1256 601 1307 sequens
612 1257 670 1308 tynis
683 1257 757 1310 affiatu
768 1258 835 1310 perit.

401 1329 485 1381 Vipera
497 1329 553 1370 lenm
565 1333 642 1371 nostro
655 1335 753 1371 creseunt
766 1341 873 1384 corporo,-

395 1401 476 1443 Stotim
488 1402 608 1443 labascunt.
637 1404 712 1444 Tarde
723 1405 828 1445 virtutum
840 1405 928 1456 eymina

396 1478 447 1519 Cito
459 1478 616 1531 opprimuntur,
624 1489 675 1528 ,non
687 1478 819 1520 reviviscunt
830 1479 880 1522 citi.

169 1605 236 1669 quod
255 1604 341 1669 argute
357 1605 385 1654 in
403 1605 482 1656 lomb.
505 1606 598 1656 Gnom.
619 1621 668 1656 see.
691 1607 732 1656 32.
758 1606 880 1671 scriptum
898 1606 1001 1671 reliquit
1016 1609 1170 1660 eruditorum

169 1692 293 1756 princeps,
309 1692 500 1757 litterarumque
515 1692 621 1743 dictator
637 1709 665 1742 ac
677 1708 767 1757 parens
780 1693 884 1758 Joseph.
902 1695 1018 1759 Scaliger,
1036 1698 1171 1747 maximum
1269 1684 1274 1700 '

170 1780 273 1829 Naturae
284 1795 347 1844 opus
359 1788 393 1840 et,
408 1780 467 1829 dum
479 1779 536 1839 fuit,
554 1781 788 1832 miraculum-W.
827 1782 885 1832 Hoc
896 1799 970 1833 versu
981 1785 1037 1834 mali
1047 1801 1093 1849 pro
1104 1785 1172 1836 maii

169 1866 224 1917 vult
242 1868 307 1916 Ant.
332 1867 363 1916 de
380 1868 462 1932 Rooy‚
483 1867 570 1931 Spicil.
588 1868 651 1919 Crit.
669 1885 694 1932 p.
715 1870 770 1928 156,
787 1869 845 1933 quia
860 1870 919 1920 moli
934 1871 1055 1922 vocabulo
1068 1873 1171 1922 morbus

169 1954 290 2019 pestilens
302 1961 328 2005 et
339 1955 498 2018 contagiosus
510 1955 560 2004 dici
571 1956 643 2016 solet,
661 1956 692 2006 ile
704 1973 754 2021 quo
765 1973 824 2008 mox
835 1957 924 2022 incipit
934 1975 1083 2010 memorare:
1108 1960 1172 2010 Hoee

161 2044 216 2108 jam
227 2043 281 2092 dira
292 2042 341 2093 lues
353 2051 400 2093 ete.
438 2043 481 2094 Sic
494 2043 637 2106 Lueretius,
658 2046 709 2106 VI,
728 2048 802 2097 1176:
827 2047 881 2097 Nee
891 2049 983 2112 requies
994 2056 1047 2098 erat
1057 2047 1104 2098 ulla
1115 2047 1172 2098 moli

169 2131 261 2197 defesso
269 2131 385 2196 jacebant
397 2130 515 2197 Corpora.
554 2133 684 2185 claudian.
698 2135 725 2184 in
738 2135 814 2186 Entr.
826 2136 865 2196 11,
881 2138 942 2188 568:
967 2137 1019 2186 Hei
1028 2136 1093 2196 milri,
1110 2153 1171 2202 quas

168 2220 316 2271 urbes-uno
327 2229 458 2286 rapuerunt
465 2221 552 2287 proelia
563 2223 791 2274 curem—Wunns.

218 2397 304 2451 Vnus.
317 2399 461 2450 21.-Dira
475 2399 544 2468 lues]
565 2400 641 2452 Ovid.
657 2400 764 2452 Metam.
776 2404 799 2454 7.
813 2417 836 2451 v.
847 2403 904 2452 523.
930 2401 999 2452 Dira
1010 2400 1060 2451 lues
1073 2400 1171 2467 populis

169 2487 259 2536 incidit.
268 2486 314 2536 inf.
325 2503 349 2536 v.
360 2489 414 2538 113.
426 2505 491 2540 soeoo
499 2489 555 2540 lues.
577 2490 698 2541 Prudent.
712 2490 852 2554 Hommtig.
862 2506 886 2541 v.
897 2490 953 2541 861.
975 2489 1045 2550 Quos
1052 2489 1170 2548 diraluee,

169 2592 281 2641 errorque
295 2575 412 2642 melipnus
426 2577 538 2628 immersit
550 2578 737 2630 tenebris-W.
776 2579 891 2646 Serpere]
911 2579 1040 2629 Ammion.
1055 2578 1170 2629 Marcell.

168 2665 213 2716 lib.
228 2666 267 2717 19.
288 2665 375 2716 Clades
385 2665 426 2716 illo
438 2666 542 2732 abusque
550 2669 658 2733 feruenti
668 2667 804 2734 AEttiopioe
810 2668 886 2734 pluqei
892 2667 1010 2734 paulatim
1018 2684 1170 2734 prorepens.

170 2754 272 2805 Lucret.
290 2754 334 2804 lib.
356 2756 380 2804 6.
399 2771 423 2804 ν.
447 2756 634 2821 1190.-Αίᾳιιε
650 2759 692 2807 ai’r
709 2758 818 2808 inimicus
833 2774 927 2823 serpere
942 2758 1019 2823 ooepit.
1051 2757 1124 2821 virg.
1143 2759 1168 2808 3.

172 2841 265 2906 Georg.
276 2857 300 2892 v.
313 2843 370 2892 369.
405 2841 476 2891 Dira
490 2860 536 2908 per
550 2844 669 2893 incautum
680 2852 778 2910 serpant
791 2847 901 2910 concupio
916 2845 1007 2910 volpes.
1045 2845 1167 2895 Prudent.

168 2942 186 2977 1.
195 2927 221 2978 in
233 2929 374 2993 Symmnoh.
385 2945 409 2980 v.
418 2930 474 2979 538.
492 2929 708 2995 Serpenteveneno.
733 2932 824 2983 Weitz.
842 2932 924 2983 Simili
933 2932 1042 2996 metaph.
1053 2931 1170 2999 ἕρποντα

168 3018 297 3085 prripuisse
308 3019 433 3078 dicuntur,
452 3018 546 3070 Pollux
557 3021 581 3070 4.
599 3020 640 3069 25.
654 3020 782 3070 extu-S.

220 3195 305 3250 Vnus.
318 3195 506 3262 uu-Pridem]
527 3194 603 3246 Adeo
617 3195 681 3246 nulla
695 3197 761 3246 natio
775 3197 818 3246 sub
832 3195 890 3247 Sole
902 3205 943 3256 est,
960 3214 1013 3262 quce
1026 3214 1073 3246 non
1085 3196 1171 3248 lrabeat

169 3284 326 3348 querimonias
345 3291 368 3332 et
384 3285 561 3348 oppressiones.-
586 3285 654 3348 quod
672 3284 773 3348 ingenio
792 3285 901 3335 discreto
918 3293 945 3335 et
963 3285 1013 3335 alte
1031 3284 1171 3336 eruditione

168 3370 273 3436 insignis
287 3372 318 3421 P.
331 3370 427 3423 Matth.
446 3372 508 3422 dicit
521 3373 565 3423 lib.
582 3372 607 3422 2.
625 3373 684 3422 hist.
702 3388 758 3436 pag.
774 3374 828 3422 197.
863 3372 901 3423 Et
918 3375 971 3423 Ate
987 3373 1037 3424 isto
1051 3373 1171 3438 pestifero

168 3461 323 3525 perambulet
344 3461 411 3511 hunc
433 3462 527 3521 orbem,
552 3461 637 3510 nescio
657 3461 782 3524 quomodo
805 3461 883 3523 magis
903 3461 976 3510 celeri
998 3460 1070 3524 pede,
1096 3459 1170 3525 quim

169 3549 278 3598 candide
289 3549 362 3599 Litae.
375 3548 446 3613 Lips.
455 3557 520 3600 cent.
535 3565 552 3598 1.
566 3548 671 3599 miscell.
686 3547 759 3611 epist.
771 3549 811 3597 91.
827 3547 889 3596 Inde
901 3546 1024 3595 Pindarus
1038 3547 1112 3596 Nem.
1122 3562 1168 3596 vu.

169 3641 269 3691 Κοινὸν
286 3639 389 3704 ἔρχεται
406 3642 463 3703 κῦμ’
476 3637 560 3696 ἀΐδαο,
580 3637 642 3688 πέσε
660 3636 681 3686 δ’
697 3635 826 3697 ἀδόκητον
840 3635 869 3686 ἐν
886 3637 929 3685 καὶ
946 3633 1077 3685 δοκέοντα.
1112 3634 1170 3684 Να-

168 3728 257 3778 scentia
268 3729 380 3777 terminus
391 3735 471 3793 urget·
491 3725 565 3792 juxta
577 3726 611 3776 D.
625 3725 751 3776 Hilarium
762 3724 789 3773 in
804 3724 899 3776 Genesi
910 3739 974 3774 vers.
988 3723 1108 3773 22-W.

218 3903 303 3956 Vnus.
317 3903 498 3956 24.-Comel.
516 3903 599 3957 Valer.
614 3903 707 3956 Vonek
718 3902 744 3950 in
756 3902 828 3952 Lect.
842 3901 899 3952 Lat.
909 3901 953 3952 lib.
967 3916 996 3961 11,
1013 3917 1034 3952 o.
1048 3903 1072 3962 5,
1088 3901 1171 3965 legere

169 3993 264 4042 mavult
280 4001 303 4042 et
318 3993 390 4058 impio
405 3993 494 4042 Morsu
511 4009 553 4042 nos
572 4009 664 4056 quoque
681 4008 743 4040 nunc
758 3993 827 4056 petit,
849 3999 925 4055 atque
941 3990 967 4040 id
982 3990 1090 4055 quidem,
1113 3991 1171 4054 quio

167 4081 295 4145 praecessit
305 4097 379 4155 versu
390 4082 423 4132 90
435 4081 528 4131 Cursus
540 4088 587 4130 tam
598 4081 658 4131 citur
669 4088 703 4129 est
714 4079 938 4132 molis-Wnnus
