2798 4740
646 443 758 486 Narro.
1004 454 1008 461 ·
1155 423 1197 484 55

249 601 333 654 Verre.
348 602 463 653 77.-Ne
474 605 527 652 sitis
538 604 620 654 aridas
628 606 716 669 fauces
727 606 890 670 opprimeret]
910 605 952 654 -In
968 603 1088 655 catalect.
1105 601 1195 667 Scalig.

196 705 253 752 pag.
269 691 322 738 193.
357 689 412 741 Illic
426 693 487 741 inter
502 709 578 756 aquae
592 694 641 742 urit
655 695 708 742 eitie
723 693 792 742 arida
800 695 896 758 fauces.
919 693 1003 742 Plaut.
1023 693 1139 743 Mostell.
1158 692 1199 742 ubi

196 778 346 842 sitiesaucee
357 786 424 848 tenet.
458 779 548 830 Weitz.
563 779 652 844 Apoll.
669 780 790 830 Rhoas.
806 781 877 847 1394.
907 782 949 831 inl
970 783 1035 846 ξηρὴ
1053 783 1104 847 γὰρ
1119 782 1197 831 ἔκειτο

197 864 275 927 hiduo,
293 865 363 914 arida
377 865 522 916 incumbebat
537 865 576 916 vel
589 867 710 932 affliyebat
727 869 787 917 sitis.
823 867 887 918 Ibid.
905 884 929 917 v.
949 869 1019 918 1442.
1052 868 1121 934 Δίψη
1137 888 1198 934 καρ-

197 950 300 1014 χαλέος,
322 953 364 1000 siti
382 953 473 1002 aridus.
510 953 548 1003 Et
562 969 585 1002 v.
607 954 677 1005 1417.
712 956 826 1005 -ὰπὸ
844 954 925 1020 δίψαν
937 954 1082 1021 Αἰθομὲνην
1099 957 1197 1022 ἄμοτον

196 1039 357 1104 λωφήσομεν,
373 1041 437 1090 aitim
447 1040 590 1090 urbanenter
600 1041 718 1091 ardentem
728 1060 895 1108 compescemus
899 1069 908 1102 ,·
932 1059 977 1107 pro
989 1045 1039 1107 quo
1053 1044 1161 1095 Anthol.
1173 1047 1197 1095 6.

198 1128 222 1175 3.
239 1128 275 1176 10.
294 1130 378 1192 ξηρὴν
390 1128 470 1193 δίψαν
482 1129 728 1195 ἐλαννὸμενος.-8.

247 1302 332 1354 Vltus.
347 1303 536 1365 79.-Admooit
546 1303 641 1370 ubera-J
669 1304 741 1368 Virg.
755 1306 779 1354 4.
795 1305 1005 1356 miseranter.
1035 1306 1197 1370 Hircanoeque

199 1389 323 1440 admorunt
332 1391 404 1440 ubera
416 1392 574 1457 liorem-W.

249 1563 473 1616 Vaus.81.-Vir
491 1566 572 1630 qrcqie
593 1573 616 1614 et
634 1567 727 1631 palen]
765 1566 828 1617 Stat.
855 1566 992 1616 Achilleid.
1016 1581 1035 1615 1.
1075 1566 1110 1616 Ut
1127 1575 1198 1632 pater

199 1653 296 1699 armenti
311 1651 427 1714 quondam
443 1660 564 1717 rectorque
571 1653 682 1719 futurus,
702 1661 744 1702 etc.
782 1652 820 1703 Et
834 1656 858 1704 5.
876 1653 998 1703 Thebaid.
1015 1654 1127 1703 nominat
1141 1655 1198 1704 duc-

199 1746 269 1788 torem
286 1739 417 1805 stabulique
435 1743 552 1790 maritum.
598 1741 626 1790 A
645 1741 754 1804 Virgilio
774 1741 831 1791 Eel.
853 1745 875 1792 7.
898 1757 962 1791 vers.
983 1744 1005 1792 7.
1047 1742 1093 1791 Vir
1109 1743 1198 1807 qreyie,

198 1827 342 1890 indigitetur
353 1845 431 1893 caper.
463 1828 539 1887 Quod
549 1844 581 1878 ex
595 1828 732 1878 Theocrito
740 1836 914 1887 transumtum,
932 1829 974 1892 qui
986 1829 1062 1878 dixit:
1089 1829 1198 1894 ῶτράγε

199 1919 249 1966 τᾶν
268 1917 364 1966 λευκᾶν
385 1917 465 1981 αἰγᾶν
485 1916 633 1982 ‹ineo-W.
676 1915 756 1966 solidi
775 1918 876 1982 megrim]
906 1917 933 1966 id
952 1926 999 1976 est,
1018 1923 1195 1966 armentorum.

199 2005 262 2063 vide,
280 2021 334 2068 quae
345 2003 430 2068 paullo
442 2014 500 2056 ante
511 2005 617 2054 advers.
631 2007 670 2055 63.
690 2003 704 2054 e
719 2005 803 2054 Schol.
824 2004 920 2055 Theoc.
934 2004 1094 2055 attuli-W.
1128 2001 1199 2052 solidi

197 2094 283 2156 arecia,
300 2093 379 2142 totius
390 2092 503 2142 armenti.
541 2092 615 2141 Alias
627 2108 687 2155 grex
697 2099 737 2142 est
748 2092 841 2151 ovium,
859 2100 885 2142 et
899 2107 972 2155 caper
985 2093 1069 2156 virque
1081 2099 1198 2157 paterque

197 2180 276 2244 qreqie
286 2179 378 2230 dicitur
390 2180 465 2230 ovid.
481 2180 517 2228 A.
533 2179 569 2229 A.
585 2179 607 2239 1,
624 2180 829 2230 him-werne.

249 2352 334 2406 Verus.
345 2353 532 2404 tim-Cervicis
541 2353 646 2420 aalide]
658 2355 763 2419 βαθεῖαι
776 2355 868 2420 αὐχένι
881 2356 979 2421 σάρκες,
995 2356 1104 2419 Oppiam.
1114 2357 1138 2406 2.
1148 2356 1198 2420 Cy-

199 2449 279 2506 neget.
294 2458 317 2491 v.
329 2443 367 2492 91.
383 2441 436 2490 sive
447 2448 476 2491 ut
486 2440 599 2504 loquitur
609 2440 701 2490 ibidem
712 2457 736 2490 v.
749 2442 789 2490 51.
804 2444 911 2492 πλατὺν
923 2441 1023 2507 αὐχένα
1035 2442 1195 2492 esiam—W.

249 2616 334 2669 Vens.
354 2615 493 2666 ets-Pru
511 2617 604 2683 nimie]
628 2616 720 2675 idest,
746 2616 826 2680 Supra
844 2616 954 2674 modum,
979 2614 1093 2673 nimium,
1115 2613 1196 2664 multo

199 2703 263 2766 plus.
302 2703 391 2752 Horat.
404 2702 448 2752 lib.
462 2718 481 2752 1.
493 2703 567 2766 epist.
581 2705 619 2753 lo.
651 2703 726 2763 Quem
737 2720 774 2752 res
781 2702 838 2767 plus
849 2704 920 2752 nimio
931 2701 1071 2752 delectavere
1081 2700 1197 2760 secundo,

195 2792 302 2849 Mutatur
314 2793 430 2856 quatiunt.
468 2791 506 2840 Et
517 2806 535 2840 1.
551 2807 626 2841 carm.
640 2793 680 2842 33.
716 2791 1063 2843 Pluenimiomemorimmitie
1078 2789 1193 2855 Glycera.

200 2880 299 2930 Anton.
316 2879 347 2928 ad
362 2879 443 2930 Cicer.
462 2878 507 2928 lib.
529 2880 567 2929 lo.
589 2878 621 2928 ad
642 2879 724 2929 Attis.
765 2880 831 2940 Quia
850 2887 872 2928 te
891 2881 961 2928 nimio
977 2878 1033 2943 plus
1050 2878 1130 2943 ᾰὶἱίαο,
1149 2895 1197 2928 non

195 2983 292 3032 possum
306 2965 460 3015 dr‘seimulare.
498 2965 566 3019 Vide
582 2965 667 3016 Gifun.
683 2966 737 3014 Ind.
757 2965 898 3015 Lucretio
915 2965 1002 3014 Nimio
1017 2964 1082 3028 plus.
1104 2963 1194 3014 Weitz.

201 3053 265 3104 Hor.
279 3068 297 3101 1.
316 3068 390 3102 carm.
404 3054 444 3102 33.
478 3051 545 3112 Albi,
562 3069 591 3101 ne
602 3051 680 3102 doleas
687 3051 744 3117 plur
754 3052 898 3101 nimia-S.

250 3228 335 3281 Vnus.
351 3227 505 3278 ea-Praro
523 3227 640 3293 labiim]
676 3227 767 3278 Horat.
786 3229 810 3277 3.
836 3243 910 3277 earm.
934 3229 971 3278 18.
1006 3226 1083 3276 Ludit
1100 3226 1203 3277 herboso¹

194 3334 269 3383 pecua
286 3334 351 3366 omne
364 3319 456 3382 campo.
493 3316 633 3380 Agroetius:
659 3315 792 3366 Herbidum
807 3315 882 3367 locum
895 3316 1001 3376 dicimur,
1020 3318 1046 3365 in
1061 3317 1107 3380 qud
1125 3315 1198 3365 berba

197 3413 240 3463 cet,
257 3413 280 3453 et
293 3406 315 3453 si
330 3405 413 3454 aridus
429 3421 479 3454 esse
495 3405 655 3454 consueverit:
683 3403 825 3463 Herbesum,
846 3405 888 3468 qui
901 3403 996 3454 berbam
1003 3403 1082 3469 sacili
1092 3410 1197 3469 uenerat,

197 3492 290 3541 etiamsi
300 3491 333 3540 ad
343 3499 432 3556 tempus
443 3491 526 3540 aridus
536 3492 576 3540 sit.
609 3490 729 3554 Sophocli
736 3497 776 3540 est
786 3490 881 3555 λειμὼν
891 3490 1027 3554 βουθερής,
1038 3490 1066 3538 in
1077 3489 1196 3539 Trachin.

202 3579 254 3630 Ubi
265 3580 432 3630 consulendus
443 3579 591 3629 scholiastes
601 3594 657 3643 pag.
673 3579 727 3629 1⁵2.
740 3577 844 3629 b.-W.
878 3577 1006 3643 Concidit]
1031 3578 1072 3628 Ita
1081 3578 1108 3627 in
1116 3578 1197 3628 brutis

198 3682 298 3731 quoque
312 3668 429 3717 Nemesis
441 3667 542 3726 κολάζει
551 3665 766 3716 lasciviam-W.

250 3842 335 3896 vrrs.
349 3841 509 3902 85.-an
520 3840 597 3891 mulda
604 3840 676 3906 firiiia
685 3840 746 3892 οιΊοα
754 3839 883 3905 cadentib]
914 3839 1017 3889 AEneid.
1028 3842 1052 3890 6.
1065 3854 1129 3891 vers.
1140 3841 1198 3891 309.

204 3929 284 3990 Qudm
294 3929 365 3979 multa
374 3931 399 3978 in
409 3929 476 3980 silvis
486 3930 592 3979 autumni
599 3930 697 3994 friyore
703 3931 783 3994 primo
793 3928 880 3994 Lapsa
891 3928 979 3978 eadunt
985 3927 1059 3994 solim
1092 3927 1198 3981 Contra-

198 4017 263 4068 rium
274 4016 380 4068 habetur
390 4018 456 4081 apud
469 4016 527 4073 Vah
542 4017 624 4067 Flaec.
637 4016 681 4067 lib.
694 4020 718 4068 6.
734 4034 757 4070 v.
770 4018 825 4068 167.
860 4017 926 4077 Quot
932 4016 1012 4083 filiis,
1029 4024 1085 4082 qun
1092 4018 1199 4082 floribus
