2798 4740
586 374 807 442 LECTORI.
1179 380 1199 443 7

198 563 220 594 “
234 568 298 622 tum
312 559 508 623 ‚abaciacum
523 561 682 645 pecudum
698 570 786 626 certa
806 561 894 626 salus
906 564 987 645 suit.
1033 563 1080 626 Et
1102 562 1199 642 infra3

196 674 219 705 “
231 670 319 734 Nam
335 692 392 732 cur
406 670 584 733 addubitem
599 672 676 754 quim
691 671 808 734 bamiui
823 694 944 755 quoque
958 674 1081 757 sipuum
1094 674 1201 757 prosit

198 783 220 814 “
233 779 314 842 idem
322 787 457 863 perpete
471 779 595 842 saeculo.
634 779 757 843 Faciles
773 790 806 845 et
818 781 905 865 aequi
918 791 1003 845 certe
1018 803 1138 860 snmus,
1161 792 1200 847 ut

196 891 355 976 patiamur
382 912 541 975 quemque
567 890 731 974 indulgere
759 914 816 956 suo
842 893 946 974 genio,
978 902 1011 955 et
1036 892 1200 956 adhaerere

196 1000 352 1084 partibus
377 1023 451 1084 quae
471 1022 539 1083 prae
563 1000 632 1063 aliis
649 1010 784 1084 possunt
804 1001 839 1064 in
858 1001 918 1065 hac
941 1024 1048 1065 rerum
1070 1002 1200 1066 diversi·

197 1118 265 1172 tate
281 1109 421 1193 placere3
446 1109 542 1172 ctiam
564 1109 652 1192 ligno
671 1121 704 1173 et
720 1110 826 1194 lapide
848 1134 889 1174 ex
911 1113 1041 1175 arbitrio
1059 1134 1118 1175 suo
1138 1114 1200 1178 uti.

198 1215 315 1301 Itaque
332 1240 391 1280 nec
408 1219 516 1281 mirari
535 1218 611 1281 licet
632 1241 699 1281 esse
720 1242 817 1282 vanos
835 1231 868 1283 et
886 1221 1016 1283 miseros
1035 1220 1199 1304 quosdam,

199 1327 315 1409 quibus
345 1350 497 1410 magnum
522 1338 720 1392 momentum
744 1329 778 1391 in
803 1351 840 1392 eo
864 1329 1006 1412 positum
1031 1340 1090 1406 est,
1115 1329 1201 1413 quod

198 1439 327 1501 minime
351 1439 464 1523 opinor
487 1439 654 1501 credidisse
676 1437 839 1502 Pithaeum
861 1439 1051 1501 considerari
1072 1438 1198 1514 debere,

198 1547 254 1609 sed
269 1547 401 1631 dignum
416 1569 483 1610 esse
499 1548 585 1631 quod
605 1557 732 1611 extaret
748 1557 880 1631 propter
890 1547 1085 1631 praedulcem
1100 1548 1199 1611 totius

197 1656 345 1718 carminis
358 1666 547 1720 contextum
564 1666 597 1718 et
610 1656 758 1719 notitiam
773 1657 865 1719 istius
880 1656 1058 1719 vetustatis
1105 1655 1201 1719 Certe

199 1766 286 1848 quod
302 1766 343 1828 ad
356 1767 452 1829 verba
465 1765 529 1842 illa,
552 1774 681 1827 nonest
700 1765 752 1827 hic
774 1764 923 1828 collector
937 1764 987 1827 vel
1006 1765 1128 1847 primus
1145 1765 1201 1848 qui

198 1874 233 1936 in
248 1897 285 1936 ea
300 1875 400 1937 aciem
414 1874 570 1951 immittit,
594 1873 643 1936 vel
658 1874 753 1937 solus
800 1874 931 1937 Etenim
946 1874 967 1936 J
968 1874 1019 1936 oh.
1038 1872 1154 1936 Savaro
1166 1874 1200 1936 in

199 1985 424 2048 commentario
439 1985 480 2046 ad
495 1983 663 2046 Sidonium
681 1982 901 2066 Apollinarem
915 1983 971 2045 lib.
990 2003 1041 2045 xn
1058 1982 1150 2066 epist.
1167 1983 1200 2058 3,

199 2094 256 2157 ubi
269 2095 308 2157 de
319 2095 378 2157 hac
390 2117 425 2157 re
435 2093 557 2177 placuit
569 2093 616 2155 illi
627 2102 737 2155 notam
748 2093 904 2174 integram
917 2091 1074 2174 colligere,
1092 2091 1201 2154 citavit

200 2224 328 2285 quoque
340 2203 409 2285 ipsa
420 2202 491 2264 haec
499 2202 595 2265 verba
607 2201 773 2264 nominans
785 2200 999 2262 Endelichum
1012 2199 1199 2263 Rhetorem.

202 2311 266 2376 Sed
290 2313 376 2395 quod
399 2312 500 2394 magis
523 2312 563 2374 ad
585 2311 695 2373 lumen
714 2311 811 2394 hujus
835 2309 982 2373 carminis
1008 2319 1041 2371 et
1064 2307 1201 2371 auctoris

199 2420 286 2497 facit,
309 2422 344 2484 in
366 2422 429 2485 ista
452 2420 662 2483 Bibliothecae
684 2421 752 2503 ejus
777 2418 916 2480 editione
941 2427 1027 2480 torno
1051 2415 1103 2479 VI
1126 2436 1200 2498 pag.

200 2530 265 2592 376
273 2529 516 2612 praemittuntur
528 2529 583 2590 isti
592 2527 722 2589 cannini
733 2536 807 2609 post
816 2533 1004 2608 conceptum
1016 2524 1062 2586 ita
1070 2522 1203 2585 titulum

201 2638 310 2702 Seueri
324 2639 475 2701 Rbetaris
491 2647 522 2700 et
542 2638 651 2700 Poe'tae
672 2636 848 2698 Christiani
865 2636 998 2697 Carmen
1015 2631 1202 2695 Bucolicum

200 2745 271 2809 haec
291 2748 401 2810 verba:
425 2748 462 2810 Is
484 2756 530 2810 est
549 2746 775 2821 Eadelecbius,
799 2746 887 2828 cujas
904 2746 1022 2807 mouita
1045 2743 1203 2805 Paulinus

199 2851 347 2918 Nolumus
366 2857 520 2940 Epistold
539 2857 623 2919 moad
638 2856 682 2919 ad
696 2855 873 2938 Sublicium
894 2855 974 2917 dicit
994 2854 1202 2937 rescripsisse

200 2965 433 3050 Paneppricum
453 2966 624 3030 Theodosio
645 2966 856 3047 Imperatori:
886 2964 967 3026 buuc
990 2963 1099 3026 Poe'tis
1121 2963 1202 3024 Ora-

202 3076 320 3137 toribus
330 3075 521 3138 Cbristiauis
536 3073 965 3138 auuamerauitPosseuiuus:
980 3071 1072 3154 bajus
1085 3093 1205 3155 qaoque

201 3183 333 3246 babetur
347 3187 461 3247 meutio
476 3187 510 3249 im
528 3185 640 3247 Codice
656 3184 788 3267 quadam
803 3181 1009 3244 Bibliotheca
1027 3181 1057 3244 V
1053 3183 1200 3244 aticaua.

206 3291 284 3355 Vide
300 3291 498 3357 Sirmaadum
512 3296 546 3356 iu
561 3295 643 3356 actis
658 3293 701 3355 ad
714 3292 897 3375 Epistulam
911 3292 932 3353 8
952 3291 1026 3354 libri
1040 3290 1062 3353 4
1077 3289 1203 3354 Sidonii

201 3400 412 3483 Apollinaris.
459 3400 522 3465 His
546 3401 661 3465 similia
685 3423 785 3484 quum
810 3423 852 3463 ex
876 3399 1008 3462 eruditis
1032 3398 1094 3461 illis
1118 3397 1203 3460 notis

201 3509 353 3574 haberem
365 3521 526 3595 excerpta,
545 3522 653 3574 tamen
665 3510 806 3573 incidens
817 3510 852 3571 in
863 3508 945 3570 hanc
958 3507 1201 3583 Bibliothecam‚

201 3619 290 3682 nolui
305 3630 362 3684 aut
375 3620 514 3706 invidere
529 3620 576 3683 illi
590 3630 647 3682 aut
661 3619 724 3682 ista
737 3617 942 3701 supprimere.

268 3729 354 3795 Nam
386 3753 486 3815 quum
520 3730 554 3794 in
583 3727 729 3793 omnibus
759 3727 970 3792 anterioribus
999 3733 1127 3789 tantum
1155 3724 1230 3790 in-.

202 3839 383 3922 telligamus
403 3840 521 3917 iterari,
550 3840 636 3924 quod
658 3862 741 3903 unus
766 3838 893 3901 dixerat
917 3835 1026 3899 statim
1045 3834 1079 3897 in
1100 3833 1203 3918 primo

202 3950 348 4012 carminis
362 3951 459 4034 hujus
474 3959 607 4014 extortu
622 3949 693 4012 Pet.
717 3947 876 4024 Pithaeus3
900 3969 965 4010 non
985 3945 1093 4030 aliqua
1111 3953 1204 4030 parte

202 4059 302 4141 magis
322 4060 515 4125 revelaretur
539 4060 635 4144 hujus
661 4057 769 4123 Severi
796 4057 935 4122 conditio
959 4066 1015 4120 aut
1042 4065 1120 4120 aetas
1147 4063 1204 4118 aut
