2798 4740
482 1609 597 1660 NOTAE
627 1611 677 1660 AD
705 1611 892 1662 TITULUM.

234 1765 406 1832 SEVEM]
428 1765 516 1816 Attilii
528 1766 581 1816 sive
595 1765 692 1818 Caecilii
706 1766 801 1826 Severi,
816 1770 898 1830 po‘e'tae
910 1764 1054 1824 Christiani,
1070 1762 1117 1813 sub
1131 1764 1184 1817 Va-

183 1855 320 1906 lentiniano
340 1856 459 1919 Augusto
476 1855 592 1905 meminit
608 1870 639 1904 ex
661 1855 804 1918 sophronio
820 1854 953 1919 Gyraldus,
979 1853 1020 1918 (de
1036 1857 1104 1916 poet.
1122 1853 1182 1903 hist.

182 1945 240 1994 dial.
253 1947 277 1995 5.
291 1945 336 1996 fol.
348 1946 421 2006 212.)
457 1944 509 1994 Hic
520 1959 579 1994 vero
590 1952 685 2003 noster,
702 1951 731 1994 ut
742 1943 848 2002 videtur,
865 1941 997 2006 antiquior,
1015 1949 1041 1991 et
1051 1941 1101 1989 nisi
1112 1940 1184 1990 valde

182 2033 300 2094 fallimur,
319 2034 478 2098 Aquitanus:
505 2032 578 2098 cujus
597 2048 696 2082 carmen
711 2031 777 2082 Eliae
797 2030 887 2085 Vineti
905 2030 1031 2090 Santonis,
1054 2029 1143 2094 optimi
1159 2037 1185 2079 et

183 2123 322 2174 doctissimi
337 2123 413 2183 senis,
432 2121 556 2173 beneficio
574 2121 702 2172 debemus.
744 2121 867 2173 Pithoeus.
915 2121 989 2181 Quod
1008 2128 1140 2171 annotatur
1157 2120 1185 2169 in

183 2211 293 2261 editione
304 2202 369 2261 Ant.
381 2210 495 2270 Candidi,
509 2226 574 2260 anno
588 2209 736 2260 ttae-w.
764 2209 808 2259 De
818 2209 930 2259 mortibus
941 2208 1031 2274 boum]
1069 2208 1133 2260 Cum
1145 2208 1184 2257 his

183 2316 264 2366 operae
275 2300 388 2351 conferre
399 2300 511 2364 precium
527 2307 566 2349 est
581 2298 702 2350 Ovidium
718 2298 826 2348 Metam.
840 2298 908 2351 VII.
925 2313 949 2347 v.
965 2298 1022 2347 523.
1050 2295 1141 2360 Virgil.
1158 2297 1183 2344 3.

186 2389 278 2453 Georg.
296 2405 320 2440 v.
339 2389 395 2440 478.
428 2389 530 2438 Lucret
548 2387 592 2437 lib.
612 2389 637 2436 6.
675 2386 767 2436 Weitz.
805 2385 856 2436 Sed
873 2385 922 2434 alia
941 2393 980 2435 cst
999 2400 1084 2434 eorum
1102 2400 1183 2434 causa.

184 2478 325 2544 Mortibus]
347 2478 387 2528 Ita
397 2475 565 2527 multitudinis
577 2490 682 2525 numero
691 2490 747 2524 cum
760 2474 857 2526 Graecis
869 2482 922 2524 tum
931 2473 1030 2524 Latinis
1042 2481 1183 2537 usurpatur.

186 2567 292 2617 Homer.
307 2566 399 2630 Odyss.
415 2565 452 2614 12.
474 2580 497 2614 v.
515 2565 571 2614 341.
597 2563 696 2621 πάντες
710 2565 759 2629 μὲν
774 2564 892 2629 στυγεροὶ
906 2563 1027 2614 θάνατοι.
1068 2561 1185 2612 Achilles

187 2655 276 2705 Tatius
293 2654 324 2704 de
345 2654 456 2718 Clitoph.
480 2660 507 2702 ct
525 2652 631 2716 Leucip.
651 2667 728 2702 amor.
742 2651 787 2701 lib.
801 2651 825 2700 4.
848 2655 973 2702 τοσαῦται
991 2656 1044 2702 τῶν
1058 2650 1185 2701 θανάτων

183 2744 248 2794 εἰσὶν
257 2743 318 2794 ὁδοί.
344 2744 419 2793 Plato
430 2743 456 2792 in
468 2745 491 2793 9.
505 2743 536 2792 de
544 2742 619 2805 legib.
632 2744 685 2792 πολ
692 2744 748 2793 λῶν
756 2741 882 2792 θανάτων
891 2741 1042 2807 τυγχάνειν.
1069 2740 1181 2791 Rursus:

183 2832 319 2898 ἀναιροῦσι
333 2831 467 2890 θανάτοις.
484 2839 511 2881 et
524 2829 657 2881 Alcibiade
668 2846 686 2880 1.
704 2833 764 2890 τοὺς
774 2831 909 2890 θανάτους
920 2833 962 2880 καὶ
975 2830 1065 2896 μάχας
1076 2848 1185 2892 πεποιη-

184 2919 264 2970 κέναι.
295 2920 384 2972 Cicero
392 2922 416 2970 2.
431 2920 461 2969 de
476 2920 559 2970 Finib.
590 2919 722 2969 Praeclare
733 2920 1058 2984 mortessuatimparaton'oe.
1091 2918 1186 2968 Seneca

184 3008 227 3057 lib.
241 3008 252 3056 l
266 3007 297 3056 de
309 3008 434 3058 Clement.
448 3023 470 3056 c.
486 3008 524 3056 18.
550 3007 575 3056 0
586 3007 699 3056 hominem
709 3005 770 3056 mille
780 3005 893 3055 mortibus
904 3005 1015 3071 dionem!
1046 3004 1084 3055 Et
1095 3013 1183 3068 quaest.

184 3103 234 3145 nat.
254 3111 307 3158 cap.
321 3110 339 3143 1.
364 3095 398 3144 Ut
408 3096 526 3144 existimes
536 3094 607 3144 Deos
618 3086 726 3142 mortium
736 3093 805 3158 τίααα
813 3093 964 3158 praemittere.
993 3091 1076 3143 Tacit.
1090 3094 1114 3142 3.
1125 3092 1184 3141 hist.

188 3182 261 3232 Omni
271 3184 372 3248 imaqine
382 3184 497 3232 neortium.
535 3181 607 3246 Virg.
623 3183 661 3231 10.
675 3181 779 3231 AEneid.
793 3198 816 3231 v.
830 3182 886 3231 854.

375 3295 452 3336 Ontnes
463 3305 504 3348 per
516 3299 596 3336 rriortea
608 3295 702 3336 cnirncm
714 3299 795 3336 sontem
808 3295 855 3347 ipae
868 3295 981 3338 udonem.

186 3408 280 3458 Lucan.
299 3407 344 3457 lib.
358 3411 381 3459 7.
399 3423 462 3458 vers.
478 3409 535 3457 618.

372 3519 505 3570 Impendisse
515 3519 581 3571 pudet
594 3517 698 3559 lacrimas
710 3518 734 3558 ia
741 3517 822 3568 sunere
835 3518 915 3568 mundi,

372 3592 480 3633 Mortibus
492 3593 619 3634 innumeris.

186 3703 344 3754 Justinianus
355 3704 456 3754 Novell.
470 3706 510 3755 85.
528 3703 636 3756 Veientes
643 3703 776 3770 hujusmodi
782 3702 895 3752 mortibus
902 3703 1005 3752 domines
1015 3703 1122 3753 liberare.
1148 3705 1186 3755 Et

183 3789 201 3839 l.
210 3791 248 3842 17.
259 3791 287 3840 ff.
296 3791 507 3856 desponsalibus:
526 3791 620 3842 Mortes
626 3793 770 3857 parentium.
796 3792 853 3841 Lat.
867 3791 925 3840 Pac.
938 3791 1048 3856 Drepan.
1062 3793 1183 3859 Panegyr.
1271 3803 1273 3809 '

184 3877 228 3927 De
238 3880 343 3929 virorum
353 3880 465 3929 mortibus
476 3880 577 3944 loquor?
601 3879 640 3930 Et
650 3896 722 3930 mox:
747 3880 939 3940 Quiobtaleront
951 3881 1063 3931 mortibus
1076 3891 1183 3949 pectora.

188 3964 314 4016 Saresber.
326 3967 370 4016 lib.
381 3969 405 4016 6.
425 3983 446 4016 c.
461 3969 485 4017 3.
521 3967 557 4016 Et
569 3970 668 4032 quisque
679 3976 764 4017 mortes
776 3967 836 4018 mille
846 3970 911 4019 circa
923 3977 1027 4035 tempora
1039 3988 1084 4021 rua
1095 3972 1187 4022 arruisse

183 4050 307 4116 ploriatur.
343 4054 446 4104 Petron.
467 4054 540 4105 Satir.
566 4053 672 4121 Inquina
690 4054 749 4105 mille
758 4057 813 4120 jam
825 4058 938 4108 mortuas
947 4059 1053 4124 stipidu.
1073 4060 1183 4110 Martial.

185 4153 203 4188 r.
215 4139 279 4205 epig.
293 4141 323 4193 G.
344 4149 429 4192 mortes
440 4151 551 4208 quatuor.
572 4142 610 4194 Et
620 4143 663 4193 lib.
678 4145 702 4193 3.
718 4158 757 4207 ep.
777 4145 817 4194 93.
856 4145 954 4195 Gaudes
965 4146 1077 4197 ducentas
1091 4155 1188 4214 nuptum
