<?xml version="1.0" encoding="UTF-8"?>
<!DOCTYPE html PUBLIC "-//W3C//DTD XHTML 1.0 Transitional//EN"
    "http://www.w3.org/TR/xhtml1/DTD/xhtml1-transitional.dtd">
<html xmlns="http://www.w3.org/1999/xhtml" xml:lang="en" lang="en">
 <head>
  <title>
</title>
<meta http-equiv="Content-Type" content="text/html;charset=utf-8" />
  <meta name='ocr-system' content='tesseract 3.04.00' />
  <meta name='ocr-capabilities' content='ocr_page ocr_carea ocr_par ocr_line ocrx_word'/>
</head>
<body>
  <div class='ocr_page' id='page_1' title='image "./severisanctiend00gilegoog_0014.png"; bbox 0 0 2798 4740; ppageno 0'>
   <div class='ocr_carea' id='block_1_1' title="bbox 284 1198 1112 1284">
    <p class='ocr_par' dir='ltr' id='par_1_1' title="bbox 284 1198 1112 1284">
     <span class='ocr_line' id='line_1_1' title="bbox 284 1198 1112 1284; baseline -0.008 -2"><span class='ocrx_word' id='word_1_1' title='bbox 284 1205 612 1284; x_wconf 85' lang='lat' dir='ltr'><strong>I.-PRAEFATIO</strong></span> <span class='ocrx_word' id='word_1_2' title='bbox 636 1198 861 1276; x_wconf 85' lang='lat' dir='ltr'><strong>EDITORIS</strong></span> <span class='ocrx_word' id='word_1_3' title='bbox 885 1199 1112 1276; x_wconf 87' lang='lat' dir='ltr'>ANONYMI</span> 
     </span>
    </p>
   </div>
   <div class='ocr_carea' id='block_1_2' title="bbox 550 1410 852 1516">
    <p class='ocr_par' dir='ltr' id='par_1_2' title="bbox 550 1410 852 1516">
     <span class='ocr_line' id='line_1_2' title="bbox 550 1410 852 1516; baseline -0.003 -16"><span class='ocrx_word' id='word_1_4' title='bbox 550 1410 852 1516; x_wconf 56' lang='lat' dir='ltr'><strong>{autumans</strong></span> 
     </span>
    </p>
   </div>
   <div class='ocr_carea' id='block_1_3' title="bbox 364 1702 1035 1778">
    <p class='ocr_par' dir='ltr' id='par_1_3' title="bbox 364 1702 1035 1778">
     <span class='ocr_line' id='line_1_3' title="bbox 364 1702 1035 1778; baseline -0.006 0"><span class='ocrx_word' id='word_1_5' title='bbox 364 1704 593 1778; x_wconf 83' lang='lat' dir='ltr'>LECTORI</span> <span class='ocrx_word' id='word_1_6' title='bbox 620 1703 795 1776; x_wconf 88' lang='lat' dir='ltr'><strong>OMNIA</strong></span> <span class='ocrx_word' id='word_1_7' title='bbox 821 1702 1035 1777; x_wconf 85' lang='lat' dir='ltr'><strong>FAUSTA.</strong></span> 
     </span>
    </p>
   </div>
   <div class='ocr_carea' id='block_1_4' title="bbox 195 2004 1269 4177">
    <p class='ocr_par' dir='ltr' id='par_1_4' title="bbox 195 2004 1269 4177">
     <span class='ocr_line' id='line_1_4' title="bbox 197 2004 1198 2109; baseline -0.003 -22"><span class='ocrx_word' id='word_1_8' title='bbox 197 2004 237 2087; x_wconf 83' lang='lat' dir='ltr'><strong>A</strong></span> <span class='ocrx_word' id='word_1_9' title='bbox 261 2045 329 2093; x_wconf 81' lang='lat' dir='ltr'><strong>ouo</strong></span> <span class='ocrx_word' id='word_1_10' title='bbox 354 2034 498 2108; x_wconf 90' lang='lat' dir='ltr'><strong>tempore</strong></span> <span class='ocrx_word' id='word_1_11' title='bbox 518 2035 624 2109; x_wconf 88' lang='lat' dir='ltr'><strong>partes</strong></span> <span class='ocrx_word' id='word_1_12' title='bbox 648 2026 772 2108; x_wconf 83' lang='lat' dir='ltr'><strong>generis</strong></span> <span class='ocrx_word' id='word_1_13' title='bbox 796 2024 928 2088; x_wconf 89' lang='lat' dir='ltr'><strong>humani</strong></span> <span class='ocrx_word' id='word_1_14' title='bbox 950 2025 991 2087; x_wconf 92' lang='lat' dir='ltr'><strong>ad</strong></span> <span class='ocrx_word' id='word_1_15' title='bbox 1014 2023 1198 2087; x_wconf 89' lang='lat' dir='ltr'><strong>societatem</strong></span> 
     </span>
     <span class='ocr_line' id='line_1_5' title="bbox 198 2134 1200 2219; baseline -0.004 -21"><span class='ocrx_word' id='word_1_16' title='bbox 198 2135 315 2198; x_wconf 82' lang='lat' dir='ltr'><strong>cultius</strong></span> <span class='ocrx_word' id='word_1_17' title='bbox 333 2135 557 2218; x_wconf 84' lang='lat' dir='ltr'><strong>expoliendam</strong></span> <span class='ocrx_word' id='word_1_18' title='bbox 577 2135 740 2198; x_wconf 78' lang='lat' dir='ltr'><strong>transferri</strong></span> <span class='ocrx_word' id='word_1_19' title='bbox 757 2145 937 2219; x_wconf 85' lang='lat' dir='ltr'><strong>coeperunt,</strong></span> <span class='ocrx_word' id='word_1_20' title='bbox 960 2134 1100 2197; x_wconf 83' lang='lat' dir='ltr'><strong>studiose</strong></span> <span class='ocrx_word' id='word_1_21' title='bbox 1118 2155 1200 2195; x_wconf 90' lang='lat' dir='ltr'><strong>sem·</strong></span> 
     </span>
     <span class='ocr_line' id='line_1_6' title="bbox 197 2242 1197 2329; baseline -0.002 -24"><span class='ocrx_word' id='word_1_22' title='bbox 197 2253 415 2327; x_wconf 82' lang='lat' dir='ltr'><strong>percuratum</strong></span> <span class='ocrx_word' id='word_1_23' title='bbox 433 2243 608 2327; x_wconf 92' lang='lat' dir='ltr'><strong>seduloque</strong></span> <span class='ocrx_word' id='word_1_24' title='bbox 628 2244 789 2329; x_wconf 88' lang='lat' dir='ltr'><strong>provisum</strong></span> <span class='ocrx_word' id='word_1_25' title='bbox 805 2244 869 2306; x_wconf 86' lang='lat' dir='ltr'><strong>fuit</strong></span> <span class='ocrx_word' id='word_1_26' title='bbox 888 2244 928 2306; x_wconf 92' lang='lat' dir='ltr'><strong>ab</strong></span> <span class='ocrx_word' id='word_1_27' title='bbox 943 2242 1197 2327; x_wconf 87' lang='lat' dir='ltr'><strong>sapientioribus,</strong></span> 
     </span>
     <span class='ocr_line' id='line_1_7' title="bbox 197 2351 1197 2434; baseline -0.002 -20"><span class='ocrx_word' id='word_1_28' title='bbox 197 2362 236 2414; x_wconf 92' lang='lat' dir='ltr'><strong>ut</strong></span> <span class='ocrx_word' id='word_1_29' title='bbox 250 2351 403 2427; x_wconf 90' lang='lat' dir='ltr'><strong>omnium,</strong></span> <span class='ocrx_word' id='word_1_30' title='bbox 426 2374 499 2434; x_wconf 91' lang='lat' dir='ltr'><strong>quae</strong></span> <span class='ocrx_word' id='word_1_31' title='bbox 515 2352 655 2415; x_wconf 82' lang='lat' dir='ltr'><strong>accidere</strong></span> <span class='ocrx_word' id='word_1_32' title='bbox 677 2353 780 2415; x_wconf 85' lang='lat' dir='ltr'><strong>solent</strong></span> <span class='ocrx_word' id='word_1_33' title='bbox 796 2374 861 2415; x_wconf 93' lang='lat' dir='ltr'><strong>non</strong></span> <span class='ocrx_word' id='word_1_34' title='bbox 878 2361 1004 2415; x_wconf 89' lang='lat' dir='ltr'><strong>tantum</strong></span> <span class='ocrx_word' id='word_1_35' title='bbox 1021 2351 1197 2425; x_wconf 83' lang='lat' dir='ltr'><strong>usitatiora,</strong></span> 
     </span>
     <span class='ocr_line' id='line_1_8' title="bbox 197 2459 1269 2546; baseline 0 -26"><span class='ocrx_word' id='word_1_36' title='bbox 197 2459 253 2521; x_wconf 94' lang='lat' dir='ltr'><strong>sed</strong></span> <span class='ocrx_word' id='word_1_37' title='bbox 261 2459 393 2543; x_wconf 90' lang='lat' dir='ltr'><strong>perinde</strong></span> <span class='ocrx_word' id='word_1_38' title='bbox 402 2460 499 2522; x_wconf 87' lang='lat' dir='ltr'><strong>etiam</strong></span> <span class='ocrx_word' id='word_1_39' title='bbox 507 2482 577 2523; x_wconf 87' lang='lat' dir='ltr'><strong>rara</strong></span> <span class='ocrx_word' id='word_1_40' title='bbox 589 2472 623 2524; x_wconf 91' lang='lat' dir='ltr'><strong>et</strong></span> <span class='ocrx_word' id='word_1_41' title='bbox 633 2483 690 2546; x_wconf 91' lang='lat' dir='ltr'><strong>per</strong></span> <span class='ocrx_word' id='word_1_42' title='bbox 698 2461 826 2543; x_wconf 84' lang='lat' dir='ltr'><strong>longam</strong></span> <span class='ocrx_word' id='word_1_43' title='bbox 835 2471 964 2523; x_wconf 90' lang='lat' dir='ltr'><strong>aetatem</strong></span> <span class='ocrx_word' id='word_1_44' title='bbox 972 2459 1197 2542; x_wconf 85' lang='lat' dir='ltr'><strong>infrequentia,</strong></span> <span class='ocrx_word' id='word_1_45' title='bbox 1264 2495 1269 2503; x_wconf 93' lang='lat'><em>-</em></span> 
     </span>
     <span class='ocr_line' id='line_1_9' title="bbox 196 2569 1195 2653; baseline 0.001 -24"><span class='ocrx_word' id='word_1_46' title='bbox 196 2576 304 2630; x_wconf 92' lang='lat' dir='ltr'><strong>tamen</strong></span> <span class='ocrx_word' id='word_1_47' title='bbox 330 2577 494 2632; x_wconf 82' lang='lat' dir='ltr'><strong>exstarent</strong></span> <span class='ocrx_word' id='word_1_48' title='bbox 515 2569 643 2652; x_wconf 83' lang='lat' dir='ltr'><strong>legique</strong></span> <span class='ocrx_word' id='word_1_49' title='bbox 667 2593 703 2633; x_wconf 85' lang='lat' dir='ltr'><strong>ao</strong></span> <span class='ocrx_word' id='word_1_50' title='bbox 729 2570 817 2632; x_wconf 90' lang='lat' dir='ltr'><strong>nosci</strong></span> <span class='ocrx_word' id='word_1_51' title='bbox 841 2580 971 2653; x_wconf 84' lang='lat' dir='ltr'><strong>possent</strong></span> <span class='ocrx_word' id='word_1_52' title='bbox 996 2569 1195 2632; x_wconf 87' lang='lat' dir='ltr'><strong>documenta.</strong></span> 
     </span>
     <span class='ocr_line' id='line_1_10' title="bbox 197 2673 1198 2761; baseline 0.003 -24"><span class='ocrx_word' id='word_1_53' title='bbox 197 2673 253 2738; x_wconf 92' lang='lat' dir='ltr'><strong>Ad</strong></span> <span class='ocrx_word' id='word_1_54' title='bbox 273 2674 354 2738; x_wconf 86' lang='lat' dir='ltr'><strong>hano</strong></span> <span class='ocrx_word' id='word_1_55' title='bbox 375 2689 501 2740; x_wconf 90' lang='lat' dir='ltr'><strong>causam</strong></span> <span class='ocrx_word' id='word_1_56' title='bbox 522 2679 649 2741; x_wconf 87' lang='lat' dir='ltr'><strong>evoluta</strong></span> <span class='ocrx_word' id='word_1_57' title='bbox 669 2688 703 2740; x_wconf 92' lang='lat' dir='ltr'><strong>et</strong></span> <span class='ocrx_word' id='word_1_58' title='bbox 723 2677 876 2761; x_wconf 88' lang='lat' dir='ltr'><strong>inquisita</strong></span> <span class='ocrx_word' id='word_1_59' title='bbox 895 2676 1019 2740; x_wconf 90' lang='lat' dir='ltr'><strong>assidue</strong></span> <span class='ocrx_word' id='word_1_60' title='bbox 1036 2677 1198 2740; x_wconf 83' lang='lat' dir='ltr'><strong>volumina</strong></span> 
     </span>
     <span class='ocr_line' id='line_1_11' title="bbox 197 2784 1196 2870; baseline 0.003 -25"><span class='ocrx_word' id='word_1_61' title='bbox 197 2793 282 2859; x_wconf 89' lang='lat' dir='ltr'><strong>sunt,</strong></span> <span class='ocrx_word' id='word_1_62' title='bbox 297 2784 332 2846; x_wconf 90' lang='lat' dir='ltr'><strong>in</strong></span> <span class='ocrx_word' id='word_1_63' title='bbox 347 2785 590 2870; x_wconf 87' lang='lat' dir='ltr'><strong>quibuscunque</strong></span> <span class='ocrx_word' id='word_1_64' title='bbox 605 2787 755 2869; x_wconf 87' lang='lat' dir='ltr'><strong>gentibus</strong></span> <span class='ocrx_word' id='word_1_65' title='bbox 767 2810 802 2850; x_wconf 87' lang='lat' dir='ltr'><strong>ae</strong></span> <span class='ocrx_word' id='word_1_66' title='bbox 815 2786 996 2870; x_wconf 83' lang='lat' dir='ltr'><strong>regionibus</strong></span> <span class='ocrx_word' id='word_1_67' title='bbox 1008 2787 1196 2870; x_wconf 82' lang='lat' dir='ltr'><strong>conscripta,</strong></span> 
     </span>
     <span class='ocr_line' id='line_1_12' title="bbox 195 2896 1198 2979; baseline 0.001 -24"><span class='ocrx_word' id='word_1_68' title='bbox 195 2904 235 2956; x_wconf 94' lang='lat' dir='ltr'><strong>ut</strong></span> <span class='ocrx_word' id='word_1_69' title='bbox 249 2905 410 2978; x_wconf 84' lang='lat' dir='ltr'><strong>excerptae</strong></span> <span class='ocrx_word' id='word_1_70' title='bbox 426 2896 505 2958; x_wconf 88' lang='lat' dir='ltr'><strong>tales</strong></span> <span class='ocrx_word' id='word_1_71' title='bbox 519 2896 681 2958; x_wconf 87' lang='lat' dir='ltr'><strong>memoriae</strong></span> <span class='ocrx_word' id='word_1_72' title='bbox 698 2906 731 2958; x_wconf 92' lang='lat' dir='ltr'><strong>et</strong></span> <span class='ocrx_word' id='word_1_73' title='bbox 746 2896 852 2979; x_wconf 92' lang='lat' dir='ltr'><strong>ipsum</strong></span> <span class='ocrx_word' id='word_1_74' title='bbox 869 2896 1020 2958; x_wconf 82' lang='lat' dir='ltr'><strong>lectorem</strong></span> <span class='ocrx_word' id='word_1_75' title='bbox 1036 2906 1069 2958; x_wconf 87' lang='lat' dir='ltr'><strong>et</strong></span> <span class='ocrx_word' id='word_1_76' title='bbox 1082 2917 1198 2958; x_wconf 86' lang='lat' dir='ltr'><strong>unum-</strong></span> 
     </span>
     <span class='ocr_line' id='line_1_13' title="bbox 198 3003 1198 3089; baseline 0.002 -25"><span class='ocrx_word' id='word_1_77' title='bbox 198 3024 358 3086; x_wconf 91' lang='lat' dir='ltr'><strong>quemque</strong></span> <span class='ocrx_word' id='word_1_78' title='bbox 372 3004 534 3067; x_wconf 90' lang='lat' dir='ltr'><strong>hominem</strong></span> <span class='ocrx_word' id='word_1_79' title='bbox 549 3006 744 3089; x_wconf 83' lang='lat' dir='ltr'><strong>adjuvarent.</strong></span> <span class='ocrx_word' id='word_1_80' title='bbox 791 3004 985 3088; x_wconf 80' lang='lat' dir='ltr'><strong>Quanquam</strong></span> <span class='ocrx_word' id='word_1_81' title='bbox 1004 3004 1082 3088; x_wconf 93' lang='lat' dir='ltr'><strong>quid</strong></span> <span class='ocrx_word' id='word_1_82' title='bbox 1095 3003 1198 3066; x_wconf 90' lang='lat' dir='ltr'><strong>refero</strong></span> 
     </span>
     <span class='ocr_line' id='line_1_14' title="bbox 196 3111 1197 3198; baseline 0.001 -25"><span class='ocrx_word' id='word_1_83' title='bbox 196 3111 377 3175; x_wconf 78' lang='lat' dir='ltr'><strong>volumina?</strong></span> <span class='ocrx_word' id='word_1_84' title='bbox 433 3112 536 3177; x_wconf 90' lang='lat' dir='ltr'><strong>Immo</strong></span> <span class='ocrx_word' id='word_1_85' title='bbox 571 3114 631 3177; x_wconf 91' lang='lat' dir='ltr'><strong>hoc</strong></span> <span class='ocrx_word' id='word_1_86' title='bbox 660 3114 892 3177; x_wconf 85' lang='lat' dir='ltr'><strong>commoditatis</strong></span> <span class='ocrx_word' id='word_1_87' title='bbox 926 3136 1038 3196; x_wconf 78' lang='lat' dir='ltr'><strong>genuS,</strong></span> <span class='ocrx_word' id='word_1_88' title='bbox 1070 3113 1197 3198; x_wconf 83' lang='lat' dir='ltr'><strong>publice</strong></span> 
     </span>
     <span class='ocr_line' id='line_1_15' title="bbox 196 3220 1198 3306; baseline 0.001 -24"><span class='ocrx_word' id='word_1_89' title='bbox 196 3220 408 3304; x_wconf 87' lang='lat' dir='ltr'><strong>privatimque</strong></span> <span class='ocrx_word' id='word_1_90' title='bbox 430 3222 642 3284; x_wconf 86' lang='lat' dir='ltr'><strong>necessarium</strong></span> <span class='ocrx_word' id='word_1_91' title='bbox 664 3223 791 3284; x_wconf 89' lang='lat' dir='ltr'><strong>credere</strong></span> <span class='ocrx_word' id='word_1_92' title='bbox 811 3222 887 3285; x_wconf 86' lang='lat' dir='ltr'><strong>licet</strong></span> <span class='ocrx_word' id='word_1_93' title='bbox 909 3223 977 3306; x_wconf 89' lang='lat' dir='ltr'><strong>jam</strong></span> <span class='ocrx_word' id='word_1_94' title='bbox 1002 3232 1076 3285; x_wconf 89' lang='lat' dir='ltr'><strong>ante</strong></span> <span class='ocrx_word' id='word_1_95' title='bbox 1097 3221 1198 3283; x_wconf 89' lang='lat' dir='ltr'><strong>editas</strong></span> 
     </span>
     <span class='ocr_line' id='line_1_16' title="bbox 197 3329 1198 3415; baseline 0.001 -24"><span class='ocrx_word' id='word_1_96' title='bbox 197 3339 231 3392; x_wconf 90' lang='lat' dir='ltr'><strong>et</strong></span> <span class='ocrx_word' id='word_1_97' title='bbox 257 3329 394 3411; x_wconf 85' lang='lat' dir='ltr'><strong>digestas</strong></span> <span class='ocrx_word' id='word_1_98' title='bbox 420 3329 567 3392; x_wconf 90' lang='lat' dir='ltr'><strong>historias</strong></span> <span class='ocrx_word' id='word_1_99' title='bbox 595 3331 739 3413; x_wconf 83' lang='lat' dir='ltr'><strong>agnitum</strong></span> <span class='ocrx_word' id='word_1_100' title='bbox 764 3342 798 3394; x_wconf 92' lang='lat' dir='ltr'><strong>et</strong></span> <span class='ocrx_word' id='word_1_101' title='bbox 817 3343 999 3415; x_wconf 92' lang='lat' dir='ltr'><strong>promotum</strong></span> <span class='ocrx_word' id='word_1_102' title='bbox 1019 3332 1116 3395; x_wconf 85' lang='lat' dir='ltr'><strong>fuisse</strong></span> <span class='ocrx_word' id='word_1_103' title='bbox 1140 3353 1198 3415; x_wconf 90' lang='lat' dir='ltr'><strong>per</strong></span> 
     </span>
     <span class='ocr_line' id='line_1_17' title="bbox 196 3437 1199 3523; baseline 0.002 -24"><span class='ocrx_word' id='word_1_104' title='bbox 196 3437 416 3520; x_wconf 86' lang='lat' dir='ltr'><strong>antiquissima</strong></span> <span class='ocrx_word' id='word_1_105' title='bbox 440 3439 666 3502; x_wconf 89' lang='lat' dir='ltr'><strong>recordationis</strong></span> <span class='ocrx_word' id='word_1_106' title='bbox 696 3441 858 3515; x_wconf 82' lang='lat' dir='ltr'><strong>exercitia,</strong></span> <span class='ocrx_word' id='word_1_107' title='bbox 890 3463 989 3523; x_wconf 92' lang='lat' dir='ltr'><strong>quum</strong></span> <span class='ocrx_word' id='word_1_108' title='bbox 1018 3449 1199 3522; x_wconf 76' lang='lat' dir='ltr'><strong>satagerent</strong></span> 
     </span>
     <span class='ocr_line' id='line_1_18' title="bbox 196 3546 1197 3633; baseline 0.005 -26"><span class='ocrx_word' id='word_1_109' title='bbox 196 3546 435 3629; x_wconf 83' lang='lat' dir='ltr'><strong>gauderentque</strong></span> <span class='ocrx_word' id='word_1_110' title='bbox 450 3547 610 3610; x_wconf 88' lang='lat' dir='ltr'><strong>ulterioris</strong></span> <span class='ocrx_word' id='word_1_111' title='bbox 632 3549 783 3633; x_wconf 89' lang='lat' dir='ltr'><strong>temporis</strong></span> <span class='ocrx_word' id='word_1_112' title='bbox 803 3550 998 3612; x_wconf 88' lang='lat' dir='ltr'><strong>narrationes</strong></span> <span class='ocrx_word' id='word_1_113' title='bbox 1018 3550 1197 3632; x_wconf 87' lang='lat' dir='ltr'><strong>praesertim</strong></span> 
     </span>
     <span class='ocr_line' id='line_1_19' title="bbox 197 3654 1198 3741; baseline 0.005 -26"><span class='ocrx_word' id='word_1_114' title='bbox 197 3654 236 3716; x_wconf 92' lang='lat' dir='ltr'><strong>de</strong></span> <span class='ocrx_word' id='word_1_115' title='bbox 251 3655 424 3738; x_wconf 87' lang='lat' dir='ltr'><strong>majoribus</strong></span> <span class='ocrx_word' id='word_1_116' title='bbox 438 3678 612 3739; x_wconf 83' lang='lat' dir='ltr'><strong>propagare</strong></span> <span class='ocrx_word' id='word_1_117' title='bbox 625 3658 665 3721; x_wconf 87' lang='lat' dir='ltr'><strong>ad</strong></span> <span class='ocrx_word' id='word_1_118' title='bbox 679 3657 863 3741; x_wconf 88' lang='lat' dir='ltr'><strong>progeniem</strong></span> <span class='ocrx_word' id='word_1_119' title='bbox 877 3657 953 3741; x_wconf 90' lang='lat' dir='ltr'><strong>ipsis</strong></span> <span class='ocrx_word' id='word_1_120' title='bbox 968 3657 1198 3721; x_wconf 85' lang='lat' dir='ltr'><strong>cantilenarum</strong></span> 
     </span>
     <span class='ocr_line' id='line_1_20' title="bbox 196 3765 1198 3850; baseline 0.002 -24"><span class='ocrx_word' id='word_1_121' title='bbox 196 3765 441 3827; x_wconf 88' lang='lat' dir='ltr'><strong>meditamentis.</strong></span> <span class='ocrx_word' id='word_1_122' title='bbox 489 3765 620 3850; x_wconf 85' lang='lat' dir='ltr'><strong>Quippe</strong></span> <span class='ocrx_word' id='word_1_123' title='bbox 645 3767 680 3828; x_wconf 91' lang='lat' dir='ltr'><strong>in</strong></span> <span class='ocrx_word' id='word_1_124' title='bbox 709 3766 857 3843; x_wconf 75' lang='lat' dir='ltr'><strong>oonsiliiS,</strong></span> <span class='ocrx_word' id='word_1_125' title='bbox 887 3767 921 3829; x_wconf 94' lang='lat' dir='ltr'><strong>in</strong></span> <span class='ocrx_word' id='word_1_126' title='bbox 947 3767 1022 3830; x_wconf 89' lang='lat' dir='ltr'><strong>vitae</strong></span> <span class='ocrx_word' id='word_1_127' title='bbox 1049 3777 1134 3842; x_wconf 87' lang='lat' dir='ltr'><strong>actu,</strong></span> <span class='ocrx_word' id='word_1_128' title='bbox 1163 3766 1198 3828; x_wconf 92' lang='lat' dir='ltr'><strong>in</strong></span> 
     </span>
     <span class='ocr_line' id='line_1_21' title="bbox 196 3873 1199 3959; baseline 0.004 -25"><span class='ocrx_word' id='word_1_129' title='bbox 196 3893 304 3934; x_wconf 85' lang='lat' dir='ltr'><strong>rerum</strong></span> <span class='ocrx_word' id='word_1_130' title='bbox 318 3873 506 3948; x_wconf 89' lang='lat' dir='ltr'><strong>mutatione,</strong></span> <span class='ocrx_word' id='word_1_131' title='bbox 530 3896 603 3956; x_wconf 88' lang='lat' dir='ltr'><strong>quae</strong></span> <span class='ocrx_word' id='word_1_132' title='bbox 625 3874 724 3937; x_wconf 83' lang='lat' dir='ltr'><strong>ferme</strong></span> <span class='ocrx_word' id='word_1_133' title='bbox 744 3885 902 3959; x_wconf 88' lang='lat' dir='ltr'><strong>perpetua</strong></span> <span class='ocrx_word' id='word_1_134' title='bbox 921 3876 1084 3940; x_wconf 89' lang='lat' dir='ltr'><strong>hominem</strong></span> <span class='ocrx_word' id='word_1_135' title='bbox 1098 3876 1199 3954; x_wconf 82' lang='lat' dir='ltr'><strong>eonti-</strong></span> 
     </span>
     <span class='ocr_line' id='line_1_22' title="bbox 196 3979 1198 4055; baseline 0.005 -14"><span class='ocrx_word' id='word_1_136' title='bbox 196 3989 263 4055; x_wconf 91' lang='lat' dir='ltr'><strong>net,</strong></span> <span class='ocrx_word' id='word_1_137' title='bbox 287 3979 384 4043; x_wconf 88' lang='lat' dir='ltr'><strong>etiam</strong></span> <span class='ocrx_word' id='word_1_138' title='bbox 406 3980 441 4042; x_wconf 91' lang='lat' dir='ltr'><strong>in</strong></span> <span class='ocrx_word' id='word_1_139' title='bbox 461 3981 634 4045; x_wconf 84' lang='lat' dir='ltr'><strong>affectuum</strong></span> <span class='ocrx_word' id='word_1_140' title='bbox 653 3993 744 4046; x_wconf 90' lang='lat' dir='ltr'><strong>motu</strong></span> <span class='ocrx_word' id='word_1_141' title='bbox 761 3984 841 4048; x_wconf 90' lang='lat' dir='ltr'><strong>utile</strong></span> <span class='ocrx_word' id='word_1_142' title='bbox 863 3985 1033 4049; x_wconf 86' lang='lat' dir='ltr'><strong>admodum</strong></span> <span class='ocrx_word' id='word_1_143' title='bbox 1054 3994 1087 4048; x_wconf 89' lang='lat' dir='ltr'><strong>et</strong></span> <span class='ocrx_word' id='word_1_144' title='bbox 1107 4007 1150 4046; x_wconf 89' lang='lat' dir='ltr'><strong>ex</strong></span> <span class='ocrx_word' id='word_1_145' title='bbox 1165 4007 1198 4046; x_wconf 90' lang='lat' dir='ltr'><strong>re</strong></span> 
     </span>
     <span class='ocr_line' id='line_1_23' title="bbox 196 4087 1199 4177; baseline 0.002 -27"><span class='ocrx_word' id='word_1_146' title='bbox 196 4087 337 4152; x_wconf 89' lang='lat' dir='ltr'><strong>humana</strong></span> <span class='ocrx_word' id='word_1_147' title='bbox 366 4101 568 4166; x_wconf 83' lang='lat' dir='ltr'><strong>censuerunt,</strong></span> <span class='ocrx_word' id='word_1_148' title='bbox 606 4101 679 4154; x_wconf 90' lang='lat' dir='ltr'><strong>ante</strong></span> <span class='ocrx_word' id='word_1_149' title='bbox 710 4094 817 4156; x_wconf 89' lang='lat' dir='ltr'><strong>oeulos</strong></span> <span class='ocrx_word' id='word_1_150' title='bbox 845 4092 962 4156; x_wconf 90' lang='lat' dir='ltr'><strong>habere</strong></span> <span class='ocrx_word' id='word_1_151' title='bbox 992 4093 1130 4177; x_wconf 87' lang='lat' dir='ltr'><strong>specula,</strong></span> <span class='ocrx_word' id='word_1_152' title='bbox 1167 4102 1199 4152; x_wconf 91' lang='lat' dir='ltr'><strong>et</strong></span> 
     </span>
    </p>
   </div>
   <div class='ocr_carea' id='block_1_5' title="bbox 950 4225 973 4273">
    <p class='ocr_par' dir='ltr' id='par_1_5' title="bbox 950 4225 973 4273">
     <span class='ocr_line' id='line_1_24' title="bbox 950 4225 973 4273; baseline 0 0"><span class='ocrx_word' id='word_1_153' title='bbox 950 4225 973 4273; x_wconf 92' lang='lat' dir='ltr'>B</span> 
     </span>
    </p>
   </div>
   <div class='ocr_carea' id='block_1_6' title="bbox 0 0 1404 4740">
    <p class='ocr_par' dir='ltr' id='par_1_6' title="bbox 0 0 1404 4740">
     <span class='ocr_line' id='line_1_25' title="bbox 0 0 1404 4740; baseline 0 0"><span class='ocrx_word' id='word_1_154' title='bbox 0 0 1404 4740; x_wconf 95' lang='lat' dir='ltr'><strong> </strong></span> 
     </span>
    </p>
   </div>
  </div>
 </body>
</html>
