2798 4740
189 384 233 500 '18
558 431 621 495 DE
647 430 832 495 SEVERO

193 621 325 683 deorum
337 617 464 700 templis
479 618 513 679 in
528 617 662 679 urbibus
676 617 825 692 nonalia,
842 638 937 698 quam
952 615 1072 679 Christi
1086 616 1200 699 religio

193 730 361 805 coleretur,
384 727 552 810 gentilium
574 750 648 789 vero
671 726 776 789 cultus
802 726 1033 789 exterminatus
1058 726 1092 788 in
1117 725 1200 808 agris

193 839 350 925 pagisque
380 837 577 900 subsisteret.
626 835 747 918 Scopus
773 834 881 897 Severi
910 835 944 895 in
969 834 1029 896 hoc
1062 834 1201 896 carmine

193 948 385 1011 elaborando
405 946 502 1008 fuisse
517 946 654 1020 videtur,
677 956 714 1008 ut
729 945 762 1006 in
777 945 906 1027 publica
921 944 1100 1007 calamitate
1115 966 1200 1007 mor⁶

193 1055 298 1119 tiferae
321 1056 384 1118 luis
408 1054 590 1117 hominibus
615 1054 679 1116 suis
700 1053 857 1115 auxilium
880 1052 999 1114 Christi
1022 1052 1200 1136 petendum

197 1166 340 1240 suadeat,
367 1186 469 1247 eoque
491 1163 613 1225 cultum
631 1163 880 1245 religionemque
901 1164 970 1246 ejus
991 1162 1201 1225 commendet.

199 1273 311 1339 Quum
325 1273 395 1335 haec
411 1272 571 1335 calamitas
586 1294 653 1332 rein
668 1272 817 1333 rusticam
833 1271 980 1352 attingat,
999 1271 1126 1353 putavit
1143 1270 1203 1333 sibi

198 1383 232 1445 id
252 1392 475 1465 argumentum
500 1380 637 1443 carmine
659 1381 787 1457 rustico,
810 1380 859 1442 vel
880 1380 920 1442 ad
939 1380 1073 1443 formam
1087 1381 1204 1443 veteris

198 1493 336 1557 bucolici
361 1493 536 1576 composito
561 1492 812 1574 exsequendum.
860 1491 1013 1553 Similiter
1037 1491 1135 1554 alium
1158 1491 1204 1554 fe·

200 1602 278 1665 cisse
293 1612 422 1686 poetam
436 1601 664 1676 Christianum,
680 1611 718 1664 ut
730 1600 867 1663 carmine
882 1601 1037 1677 bucolico,
1055 1613 1088 1664 et
1098 1602 1205 1686 Tityri

199 1711 327 1774 nomine
355 1721 519 1794 usmpato,
560 1710 722 1773 Christum
758 1711 942 1787 celebraret,
982 1712 1132 1777 discimus
1164 1715 1204 1777 ab

202 1818 325 1883 Isidoro
340 1819 465 1903 Hispal.
485 1819 573 1902 Orig.
597 1820 652 1882 lib.
671 1819 698 1882 l.
723 1843 791 1903 cap.
808 1821 862 1895 38,
885 1821 942 1882 ubi
961 1820 1000 1882 de
1016 1822 1205 1887 centonibus

201 1929 399 2013 Virgilianis,
423 1929 584 2011 sigillatim
608 1928 723 1991 Probae
740 1928 894 2013 Adelphii
914 1931 1035 2007 uxoriS,
1058 1932 1205 2016 loquens,

200 2038 271 2102 haec
294 2038 396 2101 addit:
434 2039 489 2102 Sic
521 2061 640 2122 qaoque
670 2047 702 2101 et
731 2040 858 2123 quidam
888 2041 1078 2125 Pomponius
1106 2065 1146 2104 eoe
1173 2065 1207 2106 eo

201 2147 322 2210 demum
339 2156 485 2231 poemate
509 2150 592 2210 inter
616 2157 731 2211 scetere
755 2148 824 2210 stili
845 2151 894 2211 sai
915 2152 981 2212 otia
1004 2149 1151 2234 Tityrum
1173 2153 1207 2214 ia

207 2255 326 2318 Christi
353 2255 496 2318 honorem
525 2260 703 2339 composuit.
756 2255 920 2320 Ausonius
945 2258 1029 2320 inter
1055 2269 1206 2341 cognatos

203 2386 276 2430 suos
292 2364 506 2449 Pomponium
526 2365 721 2442 Maximum,
745 2367 860 2429 sororis
879 2366 993 2443 filium,
1017 2368 1057 2429 ab
1078 2368 1207 2450 ingenio

203 2485 237 2539 et
250 2475 398 2540 facundia
410 2475 531 2552 laudat,
548 2475 708 2539 Parental.
726 2475 846 2552 XVII,
869 2488 911 2551 et,
931 2477 992 2539 nisi
1009 2476 1206 2561 Pomponius

204 2587 244 2650 ab
262 2586 384 2650 Isidoro
398 2587 579 2650 nominatus
592 2586 644 2649 hic
658 2586 726 2670 ipse
740 2596 799 2662 est,
816 2596 901 2648 certe
916 2608 959 2648 ex
975 2597 1070 2649 aetate
1084 2596 1118 2650 et
1134 2609 1208 2671 cog-

204 2695 333 2758 natione
343 2693 491 2771 Ausonii,
505 2695 648 2777 adeoque
662 2705 695 2756 et
709 2695 816 2757 Severi
828 2694 948 2770 Sancti,
961 2694 1058 2757 fuisse
1070 2696 1208 2772 videtur,

205 2802 262 2886 qui
287 2803 455 2885 utriusque
483 2802 631 2886 exemplo
656 2812 689 2864 et
713 2801 876 2866 Christum
901 2803 1038 2865 carmine
1062 2804 1209 2868 bucolico

206 2913 374 2990 celebrare,
398 2923 431 2975 et
446 2912 633 2975 centonibus
649 2910 835 2994 Virgilianis
850 2912 899 2974 uti
913 2912 1059 2975 voluerit.

274 3023 372 3090 Quod
395 3047 415 3086 a
438 3022 569 3086 Pithoeo
593 3022 727 3104 aliisque
751 3021 926 3084 editoribus
951 3043 1077 3084 cannen
1101 3023 1212 3086 Severi

206 3132 397 3207 bucolicum,
415 3131 493 3193 item
508 3129 629 3211 Ecloga
642 3129 797 3205 bucolica,
816 3130 1005 3213 appelletur,
1024 3130 1058 3192 id
1071 3131 1211 3211 graviter

207 3239 402 3320 indignatur,
426 3239 482 3319 qui
498 3237 671 3299 editionem
685 3235 877 3300 Leidensem
892 3238 1024 3314 curavit,
1048 3239 1082 3300 in
1095 3239 1213 3322 praefa-

207 3349 306 3424 tione,
330 3347 526 3422 existimans,
550 3369 654 3429 neque
679 3357 840 3409 auctorem
857 3347 1010 3410 Severum
1034 3347 1081 3409 ita
1102 3349 1214 3432 appel-

206 3460 329 3537 lavisse,
352 3480 457 3542 neque
482 3480 607 3521 carmen
630 3457 735 3541 ipsum
760 3456 892 3539 dignum
916 3479 993 3532 esse,
1018 3457 1107 3539 quod
1127 3456 1214 3520 inter

208 3569 353 3634 bucolica
368 3568 434 3632 veri
455 3568 592 3630 nominis
613 3576 810 3641 numeretur,
835 3587 935 3648 quum
959 3565 1147 3648 neutiquam
1173 3566 1215 3628 ad

150 3728 154 3736 .
208 3678 303 3743 istam
330 3678 529 3742 dulcedinem
556 3676 713 3751 ascendat,
742 3697 838 3758 quam
864 3674 945 3737 ratio
969 3675 1038 3758 ejus
1065 3673 1214 3739 carminis

210 3797 329 3873 poscat,
351 3799 390 3850 ut
404 3788 462 3850 sub
478 3785 592 3848 humili
606 3807 712 3847 rerum
727 3784 900 3867 agrestium
916 3784 1103 3846 tractatione
1119 3783 1215 3847 intel-

210 3897 328 3979 ligatur
340 3895 531 3959 abscondere
546 3893 667 3976 aliquid
682 3893 861 3969 mirificum,
876 3892 962 3975 quod
973 3892 1023 3955 vel
1038 3893 1072 3955 in
1086 3892 1215 3975 palatiis

211 4008 262 4072 vel
278 4008 312 4070 in
326 4007 405 4069 urbe
420 4008 504 4069 inter
515 4006 634 4068 vicinos
649 4016 706 4068 aut
721 4005 836 4068 amicos
851 3986 1015 4079 acciderit3
1035 4003 1091 4066 sed
1105 4003 1215 4084 potius

211 4116 296 4203 nude
319 4125 443 4180 enarret
466 4126 562 4199 atque
587 4116 730 4198 deploret
753 4138 800 4192 ea,
824 4114 953 4196 quaein
975 4114 1058 4196 agris
1082 4134 1125 4174 ex
1139 4134 1215 4174 vero
