2798 4740
606 425 717 468 norm.
1118 405 1161 468 53

157 588 240 656 φέρων
261 586 426 653 πεπεδημένα
446 587 564 653 γούνατα
583 587 677 658 uadum.
715 585 753 636 Et
768 602 822 650 cap.
836 588 860 636 5.
877 600 901 637 v.
915 587 956 636 28.
992 585 1090 635 Rursus
1104 601 1158 650 cap.

158 693 188 726 11.
204 693 228 726 v.
243 677 284 726 24.
302 674 436 741 νουσαλέῳ
458 674 634 740 πεπεδημένος
651 676 721 740 ἅψεα
741 674 832 741 δεσμῷ.
871 675 961 725 Horat.
982 677 1006 725 3.
1026 691 1100 726 oann.
1118 676 1159 725 24.

157 763 250 814 Mortis
260 764 351 828 mqume
358 764 470 828 expedire
481 764 638 828 caput-W.
673 763 731 812 Leti
738 763 853 828 compede,
869 771 898 813 ut
909 764 999 814 Horat.
1013 765 1096 816 Canu.
1108 765 1161 825 111,

157 853 235 912 24‚8:
249 851 395 902 Nonmortis
403 851 494 916 laqueis
502 852 611 916 expedies
618 859 698 916 caput.
717 851 922 902 Mortiseotenam
930 852 991 902 dicit
1000 852 1160 911 Prudentius,

161 940 258 1005 Hymn.
275 940 328 999 XI,
345 939 532 991 erpwinus.

210 1115 295 1168 Vsus.
309 1115 505 1166 69.-Parteeu
516 1115 587 1182 alta]
617 1115 720 1166 Petron.
750 1115 794 1165 Ea
806 1114 880 1164 alterd
895 1123 967 1180 parte
974 1115 1160 1180 juammnudus

160 1203 290 1253 eta-W.

210 1380 295 1433 Vnus.
310 1379 566 1430 70.-teuueratoias.
579 1377 720 1428 lascivienti
732 1377 798 1427 saltu
807 1385 833 1427 et
840 1393 923 1428 errore
933 1378 1061 1429 luseratin
1069 1394 1160 1443 campo
1250 1399 1253 1403 ¹

161 1467 237 1518 ovid.
258 1466 325 1516 Met.
341 1464 409 1523 Vll,
426 1467 487 1515 820:
515 1465 609 1515 Exsilit
627 1481 711 1530 aquus,
735 1465 890 1529 Lascioitque
903 1467 978 1531 supa,
1002 1465 1161 1532 luctantiaque

157 1555 231 1604 ubera
254 1555 347 1618 querit
394 1552 477 1603 Simili
499 1552 583 1616 phrasi
602 1552 750 1617 pyrricham,
777 1552 863 1601 ludum
886 1561 1017 1611 armatum,
1044 1554 1161 1617 exprimit

162 1640 251 1692 Claud.
263 1640 307 1693 VI
322 1642 400 1693 Cous.
417 1641 486 1691 Hon.
500 1642 559 1691 622:
581 1648 690 1706 certaque
701 1641 806 1705 vayandi
820 1641 910 1690 Teutas
920 1641 969 1706 lepe
975 1643 1063 1706 fuyas,
1080 1643 1161 1691 incon-

147 1729 269 1794 fioosqae
280 1746 397 1780 recursus.
434 1729 549 1779 Eandem
561 1729 662 1792 phrasin
674 1729 704 1778 de
715 1727 857 1792 labyrintho
867 1736 971 1792 usurpat
986 1729 1078 1792 Virgil.
1094 1729 1158 1779 AEn.

161 1816 197 1874 V,
213 1817 275 1866 588:
301 1816 335 1866 Ut
346 1817 464 1880 quandam
477 1817 550 1867 Creta
558 1819 643 1882 fertur
654 1815 817 1881 Labyrinthus
826 1817 850 1864 in
863 1815 911 1864 alta
922 1815 1062 1865 Parietibus
1073 1824 1161 1865 tectum

157 1905 226 1954 ouem
236 1907 289 1963 iter,
306 1906 476 1970 ancipitemque
491 1904 561 1954 Mille
572 1907 617 1954 viis
628 1905 737 1954 babuisse
748 1904 833 1954 dolum.
870 1905 932 1954 Inde
944 1904 1037 1954 sumsit
1051 1905 1160 1955 Pacatus

156 1994 184 2042 in
199 1994 293 2057 Paneg.
308 1993 405 2043 Theod.
420 1995 460 2052 38,
476 1995 589 2043 incertam
600 1995 645 2042 iter
656 1993 758 2057 ancipite
769 1992 866 2058 ambaye
877 1992 1125 2043 terebat-Wsnns

209 2168 294 2221 Vsus.
308 2168 462 2234 71.-Sibi.]
482 2168 522 2218 Ita
534 2168 565 2217 ad
579 2183 648 2218 oram
662 2167 720 2218 libri
733 2168 866 2232 scripserat
883 2167 914 2218 P.
929 2169 1029 2220 Daniel.
1047 2168 1108 2219 aliis
1119 2169 1160 2220 hic

157 2255 257 2320 legitur,
273 2256 391 2306 ibi-W.
426 2273 480 2306 nou
499 2256 532 2305 ibi
547 2255 626 2306 edidit
644 2257 768 2306 Pithoeus.
806 2257 857 2308 Sed
870 2257 912 2308 vix
926 2258 1014 2310 dubito
1028 2258 1160 2323 legendum

157 2345 212 2405 sibi,
228 2353 257 2396 ut
268 2346 300 2395 ad
311 2362 379 2396 oram
389 2346 448 2396 libri
456 2345 588 2410 scripserat
600 2347 630 2396 P.
639 2347 740 2408 Daniel,
757 2355 784 2398 et
792 2346 870 2397 edidit
881 2348 1160 2399 meruius-wirma.

209 2520 295 2573 Vsus.
309 2522 477 2572 72.-Pestem
492 2523 569 2572 traxit
585 2522 616 2572 ab
630 2522 720 2587 ubera]
751 2522 817 2572 Nam
837 2523 871 2572 ad
886 2523 1008 2574 exordium
1022 2527 1061 2574 sui
1075 2533 1160 2576 cuncta

157 2610 299 2676 respiciunt;
323 2616 352 2659 ut
362 2609 398 2660 ait
413 2609 544 2659 Salvianus
554 2609 598 2659 lib.
612 2612 636 2660 6.
652 2610 682 2660 de
693 2610 822 2674 gubernat.
855 2610 950 2662 Confer
960 2610 1047 2676 Agell.
1059 2613 1104 2664 lib.
1119 2615 1157 2663 12.

159 2713 242 2761 capr.
277 2698 315 2746 Et
331 2698 396 2762 quod
411 2716 441 2746 ea
459 2698 568 2747 sordibus
585 2706 627 2756 est,
651 2698 710 2762 quid
727 2700 773 2747 erit
789 2699 838 2748 nisi
855 2698 993 2748 sordidam?
1025 2699 1083 2750 Non
1099 2702 1160 2750 enim

154 2791 234 2850 potest
246 2784 318 2834 arbor
328 2784 392 2834 malo
400 2786 501 2850 fractus
513 2785 585 2835 bonos
595 2787 688 2851 faeere,
705 2802 758 2836 cum
772 2783 834 2835 in'eo
845 2787 882 2835 vis
893 2793 986 2836 naturae
997 2789 1117 2847 wnsistat,
1133 2796 1160 2837 ut

157 2873 244 2924 simnia
255 2890 286 2922 ea
296 2873 411 2922 umidas
418 2881 580 2938 procreentur.
618 2873 744 2923 Saresber.
756 2873 801 2922 lib.
815 2874 839 2922 5.
854 2889 907 2938 cap.
920 2875 1028 2924 11.-W.

209 3048 294 3101 Vsus.
309 3048 489 3100 73.-annere
505 3049 608 3115 sauma]
639 3048 728 3098 Nazar.
746 3065 862 3114 panegyr.
885 3049 963 3100 Roma
979 3057 1013 3100 tot
1027 3050 1160 3102 emunitus

157 3139 249 3186 sauma.
287 3136 428 3200 Symmach.
447 3136 491 3185 lib.
512 3139 535 3186 6.
560 3136 634 3199 epist.
654 3138 694 3186 34.
736 3137 874 3187 Moestitudo
893 3155 928 3187 me
945 3155 1037 3204 qaoque
1053 3141 1161 3205 praeiter

157 3225 283 3274 sauciavit.
320 3223 357 3272 Et
375 3222 419 3272 lib.
439 3224 463 3272 2.
487 3223 561 3286 epist.
580 3225 621 3274 32.
661 3223 722 3274 Oam
736 3224 814 3274 dolare
828 3227 924 3275 saumas
938 3234 1069 3276 aestuarem.
1104 3227 1160 3277 Eu-

157 3311 273 3375 phormio
285 3311 424 3360 Lusininus
440 3311 589 3375 Satin-pag.
598 3313 638 3362 41.
673 3312 732 3361 Non
748 3313 815 3363 madri
830 3315 937 3378 corporis
950 3316 1037 3365 morbis
1051 3317 1159 3381 imperat,

156 3399 199 3448 sed
208 3407 231 3448 et
241 3400 329 3449 eaudae
340 3400 422 3448 means
432 3398 516 3448 vulniu
528 3399 597 3448 etiam
607 3400 658 3448 sine
668 3401 777 3450 cicatrice
786 3399 966 3450 obducit-W.

209 3572 294 3626 'vana
320 3571 500 3624 74.-Oonaita
525 3572 635 3638 lumina]
676 3570 770 3636 Tangit
792 3572 876 3632 ritum,
904 3573 998 3624 Grecis
1019 3575 1112 3638 pariter
1134 3585 1161 3627 et

159 3658 282 3710 Romanis
293 3659 493 3718 usitatissimum,
510 3667 663 3711 mortuorum
674 3659 762 3710 oculos
773 3659 914 3724 sugillandi,
931 3667 997 3710 teste
1011 3661 1156 3714 Plutarcho.

160 3750 276 3814 Propert.
311 3750 415 3800 Condita
425 3757 481 3803 sunt
491 3750 569 3798 vestrd
579 3749 667 3798 lumina
678 3756 760 3799 nostra
771 3765 851 3798 manu.
888 3749 986 3799 Meurs.
1000 3751 1031 3800 ad
1043 3752 1158 3818 Lycoph.

156 3854 182 3901 p.
197 3839 251 3888 193.
284 3837 431 3888 Kirchman.
446 3837 476 3886 de
487 3836 595 3887 funerib.
613 3837 689 3887 Rom.
702 3836 746 3887 lib.
760 3851 779 3886 1.
795 3852 848 3900 cap.
863 3838 887 3886 6.
924 3836 998 3888 Livia
1007 3839 1074 3903 apud
1083 3839 1160 3890 Albi-

157 3940 295 3975 novanum:
326 3923 628 3974 Tumeacondaslumina.
666 3924 735 3974 Hinc
748 3924 909 3988 sepulchrum
919 3925 1059 3990 appellatur
1071 3927 1160 3978 Candi-

157 4013 282 4063 timemvel
298 4013 468 4064 Conditorium.
507 4012 610 4071 Seneca,
622 4013 696 4076 epist.
711 4016 751 4064 60.
793 4013 844 4073 Qui
855 4016 910 4064 aerei
921 4015 1016 4065 latitant
1027 4024 1049 4065 et
1060 4025 1160 4082 torpent,

157 4101 215 4148 siin
226 4100 292 4151 danto
303 4108 366 4160 eant,
383 4108 495 4165 tanquam
506 4102 531 4150 in
542 4100 667 4151 conditiud.
707 4101 849 4152 Petronin
861 4102 935 4153 Satir.
965 4103 1160 4154 Inconditorium
