2798 4740
606 419 800 482 SANCTO.
1163 425 1203 486 19
1305 439 1314 453 ·

196 605 409 687 contigerant,
434 613 467 666 et
480 613 599 687 praeter
613 605 742 667 nomina
757 605 796 666 ab
814 604 995 688 pastoribus
1011 615 1067 667 aut
1087 605 1204 669 bubul-
1236 606 1254 630 ²

196 715 244 776 cis
265 714 341 776 olim
362 723 515 796 usurpata
535 714 620 796 apud
640 723 762 796 poetas,
787 713 867 775 nihil
884 714 1001 777 habeat
1015 715 1092 791 fere,
1116 716 1205 798 quod

198 825 240 888 ad
262 823 396 886 formam
423 823 568 885 carminis
596 823 733 885 bucolici
760 823 928 905 pertineat„
975 823 1047 906 Ego
1073 825 1204 907 quidem

198 935 269 1001 haec
284 956 356 996 vere
382 933 444 996 dici
466 932 579 1007 fateor,
603 933 667 994 imo
689 943 852 994 auctorem
866 933 925 994 hoc
941 933 1040 1016 magis
1062 925 1155 997 credo
1170 935 1204 997 in

198 1043 286 1126 leges
307 1042 453 1106 carminis
471 1042 608 1104 bucolici
623 1041 802 1124 impegisse,
828 1042 923 1124 quod,
946 1065 1018 1105 cum
1039 1043 1114 1106 alias
1128 1038 1204 1108 vitae

199 1151 387 1236 pastoritiae,
416 1151 521 1234 qualis
547 1151 723 1234 priscorum
747 1151 913 1214 hominum
938 1153 1012 1229 fuit,
1040 1155 1202 1232 securitas,

199 1261 379 1337 amoenitas,
403 1261 519 1343 gaudia
543 1273 577 1323 et
601 1262 724 1325 deliciae
746 1285 784 1325 eo
805 1263 942 1325 camnine
961 1264 1141 1328 adumbrari
1155 1289 1204 1328 so-

198 1369 296 1446 leant,
313 1373 424 1433 co'ntra
437 1371 471 1432 in
486 1371 545 1433 hoc
560 1393 683 1433 summa
698 1372 841 1455 ejusdem
856 1373 981 1435 miseria
996 1384 1029 1436 et
1043 1375 1204 1439 calamitas

199 1479 410 1555 describatur3
453 1480 538 1542 idem
565 1490 671 1542 tamen
698 1481 865 1557 contend0,
900 1503 965 1544 non
992 1484 1098 1565 magni
1125 1484 1204 1547 adeo

199 1588 353 1650 momenti
373 1588 454 1650 hanc
472 1589 717 1651 controversiam
747 1612 824 1665 esse,
848 1590 1053 1673 potuisseque
1069 1615 1088 1654 a
1102 1592 1203 1655 doctis

199 1697 274 1759 viris
287 1719 413 1760 carmen
427 1697 607 1760 bucolicum
621 1698 783 1781 appellari,
799 1698 982 1762 laxamento
995 1701 1025 1762 ei
1035 1701 1104 1763 voci
1119 1701 1203 1777 dato,

200 1805 288 1888 quod
315 1806 529 1888 qualicunque
556 1806 650 1874 modo
677 1807 706 1868 ei
734 1807 835 1869 simile
861 1819 953 1870 esset.
999 1808 1125 1871 Deinde
1148 1809 1205 1871 vix

200 1915 323 1991 dubito,
347 1916 474 1979 tametsi
498 1926 608 1978 auctor
632 1938 757 1978 carmen
782 1938 874 1978 suum
898 1917 966 2000 ipse
987 1939 1051 1980 non
1071 1917 1204 2001 inscrip-

199 2024 277 2088 serit
294 2023 484 2100 bucolicum,
510 2025 596 2107 quod
617 2035 704 2087 certo
726 2024 875 2088 affirmari
896 2025 1020 2108 nequit,
1044 2025 1204 2109 scripsisse

200 2133 235 2196 id
255 2144 362 2197 tamen
380 2155 418 2196 ea
434 2143 553 2210 mente,
584 2144 622 2196 ut
641 2133 822 2196 bucolicum
841 2135 1012 2198 videretur.
1059 2135 1145 2198 Nam
1168 2160 1206 2199 ea

200 2253 309 2320 aetate,
333 2266 398 2327 qua
418 2244 577 2306 scribebat
600 2243 745 2320 Severus
773 2255 862 2306 recto
886 2245 925 2307 de
948 2244 1063 2308 litteris
1082 2245 1205 2329 judicio

199 2353 378 2438 deperdito,
411 2363 533 2416 certum
560 2365 619 2429 est,
650 2375 723 2416 cum
745 2353 879 2416 aliorum
906 2364 1100 2437 poematum,
1136 2365 1206 2418 tum

200 2462 339 2526 bucolici
350 2462 539 2547 praesertim,
555 2473 702 2525 naturam
715 2461 781 2524 fere
793 2462 970 2544 ignoratam
983 2473 1017 2525 et
1027 2462 1206 2545 neglectam

201 2593 280 2648 esse,
303 2572 350 2634 ita
369 2581 407 2635 ut
427 2572 495 2656 ejus
514 2571 639 2653 generis
658 2571 841 2646 haberetur,
865 2570 1080 2653 quodcunque
1099 2592 1205 2652 agres-

200 2681 284 2744 tium
300 2680 351 2744 vel
369 2691 534 2765 pastorum
554 2681 593 2743 de
610 2680 706 2743 rebus
723 2679 900 2763 agrestibus
914 2679 1205 2753 confabulationem

200 2799 335 2853 teneret.
381 2789 468 2854 Eum
481 2812 619 2854 errorem
628 2791 697 2873 jam
708 2790 743 2853 in
756 2789 941 2874 Calpurnio,
960 2791 1103 2874 quamvis
1115 2790 1203 2854 haud

200 2902 378 2985 spernendo
392 2913 499 2985 poeta,
522 2901 701 2985 praesertim
714 2901 748 2962 in
764 2902 832 2984 ejus
845 2900 955 2982 ecloga
968 2901 1012 2976 V,
1037 2901 1202 2963 observare

200 3010 286 3087 licet,
322 3011 357 3072 in
381 3010 611 3075 recentioribus
637 3020 745 3073 autem
770 3010 949 3093 poetastris,
984 3010 1079 3072 utin
1106 3010 1205 3074 Bedae

203 3121 321 3203 ecloga,
353 3131 386 3184 et
414 3121 449 3183 in
479 3120 606 3184 Metelli
631 3119 844 3202 Tegersensis,
874 3119 992 3182 saeculo
1020 3118 1095 3183 XII
1131 3120 1207 3183 scri-

201 3229 319 3306 bentis,
351 3228 583 3306 Quirinalibus,
620 3253 639 3292 a
670 3229 797 3294 Canisio
825 3229 929 3306 editis,
962 3229 1065 3292 multo
1095 3229 1205 3314 magis.

202 3336 374 3401 Reinesius
410 3339 543 3402 titulum
571 3361 697 3402 carmen
729 3338 900 3402 bucolicum
936 3339 1070 3422 probare
1107 3340 1207 3422 magis

201 3446 339 3524 videtur,
370 3470 467 3531 quam
490 3449 627 3511 alterum
653 3449 691 3511 dc
717 3450 866 3511 mortibus
893 3449 992 3525 boam,
1024 3471 1124 3531 quum
1146 3448 1207 3513 hoc

202 3557 360 3640 glossema
401 3580 468 3620 esse
509 3557 621 3620 insulsi
661 3557 936 3621 Grammaticastri
971 3567 1075 3640 putet.
1135 3557 1207 3641 Ego

201 3677 311 3729 tamen
328 3667 413 3730 hunc
432 3678 541 3729 tenere
560 3667 662 3729 tutius
681 3666 826 3742 arbitror,
849 3666 889 3728 de
913 3688 977 3748 quo
994 3665 1112 3728 certius
1134 3688 1208 3728 con-

200 3786 277 3852 stat,
306 3777 438 3840 eveteri
459 3777 577 3861 scripto
599 3798 786 3860 expressum
806 3771 889 3839 esse,
932 3775 1030 3842 Quod
1051 3787 1209 3860 praeterea

204 3883 343 3948 Severus
362 3885 487 3949 deserto
508 3896 622 3962 metro,
646 3886 792 3949 carminis
811 3885 948 3949 bucolici
970 3887 1110 3970 propri0‚
1134 3887 1209 3952 cho-

140 4058 143 4063 ,
201 3993 392 4059 riambicum
414 3986 589 4080 usurpavit,
614 3996 647 4059 id
668 3996 832 4059 rhetorum
849 4019 936 4059 more
954 3995 1066 4060 fecisse
1087 3998 1209 4060 exerci-

204 4107 336 4175 tationis
359 4130 454 4173 causa
473 4108 610 4185 videtur,
634 4117 672 4171 ut
689 4108 867 4190 periculum
884 4107 1003 4172 faceret
1026 4111 1094 4193 ejus
1114 4108 1208 4172 metri

934 4238 955 4289 C
967 4239 984 4287 2
