2798 4740
413 420 615 487 CARMEN
638 417 927 485 BUCOLICUM.
1126 420 1166 482 31

297 655 427 719 Mollito
438 656 568 739 penitus
582 655 666 718 farra
680 655 796 718 dabam
810 655 890 718 solo:

298 789 411 872 Largis
426 789 529 873 putris
545 800 614 852 erat
627 789 720 871 gleba
733 789 926 872 liquoribus:

299 922 411 988 Suicos
422 922 580 1009 perfacilis
593 922 673 987 stiva
688 922 882 1000 tetenderat;

544 1145 545 1148 Ἴ
557 1056 728 1141 Nusquam
740 1078 848 1121 vomer
862 1057 1043 1122 inhaeserat.

297 1261 414 1326 Laevus
428 1260 488 1326 bos
503 1260 611 1326 subito
624 1259 744 1325 labitur
757 1261 892 1344 impetu,
1105 1262 1148 1325 45

296 1396 407 1462 AEstas
422 1419 518 1482 quem
533 1397 691 1462 domitum
704 1397 826 1461 viderat
843 1396 953 1461 altera.

298 1530 439 1596 Tristem
453 1531 606 1598 continuo
620 1531 745 1617 disjugo
761 1532 940 1618 conjugem,

455 1766 456 1769 Ἴ
556 1666 614 1730 Nil
631 1668 700 1752 jam
713 1667 787 1752 plus
801 1677 947 1732 metuens
961 1667 1046 1733 mali.

297 1870 396 1936 Dicto
412 1873 468 1936 sed
483 1873 578 1937 citius
593 1873 800 1958 consequitur
813 1894 936 1951 necem,

298 2006 432 2092 Semper
447 2006 503 2092 qui
517 2006 623 2072 fuerat
638 2029 733 2071 sanus
746 2016 780 2070 et
793 2008 932 2092 integer3
1105 2009 1148 2073 50

296 2139 390 2206 Tunc
403 2140 507 2226 longis
522 2135 669 2226 quatiens
683 2140 738 2205 ilia
751 2140 909 2225 pulsibus,

554 2274 689 2340 Victum
703 2274 851 2360 deposuit
866 2285 973 2360 caput.

179 2478 269 2568 ⁸AEa.
298 2477 422 2564 Angor,
445 2479 627 2557 discrucior,
650 2502 784 2559 moereo,
806 2481 913 2565 lugeo.

297 2612 434 2678 Damnis
448 2611 568 2698 quippe
584 2614 659 2692 tuis,
682 2636 747 2678 non
761 2635 852 2680 secus
866 2636 902 2680 ac
917 2616 1007 2693 meis,

297 2746 416 2813 Pectus
431 2747 607 2814 conficitur.
654 2748 719 2814 Sed
734 2758 842 2814 tamen
854 2749 990 2816 arbitror
1030 2809 1034 2817 .
1104 2752 1147 2814 55

557 2882 668 2947 Salvos
682 2905 751 2948 esse
765 2904 876 2967 greges
891 2884 961 2948 tibi.

188 3086 273 3151 Bne.
298 3085 381 3151 Illuc
396 3084 494 3151 tendo
508 3085 614 3164 miser,
639 3108 704 3172 quo
717 3106 831 3171 gravor
845 3088 958 3152 acrius.

296 3218 383 3283 Nam
398 3217 539 3283 solamen
556 3227 625 3284 erat
637 3219 687 3285 vel
703 3219 871 3286 minimum
885 3222 972 3300 mali,

297 3351 333 3416 Si
346 3352 453 3418 setina
467 3353 558 3419 daret
571 3355 728 3439 posterior
741 3355 832 3434 mihi,

556 3489 655 3558 Quod
667 3511 808 3574 praesens
822 3491 930 3575 rapuit
943 3491 1023 3556 lues.
1103 3492 1147 3556 60

298 3695 363 3758 Sed
377 3695 450 3779 quis
464 3717 538 3760 vera
552 3704 658 3779 putet,
680 3693 867 3780 progeniem
881 3715 1010 3779 quoque

296 3827 488 3892 Extinctam
500 3829 642 3913 pariter?
663 3829 800 3913 vidiego
815 3850 964 3893 cernuam
1059 3827 1062 3832 ’

295 3961 444 4029 Junrcem
457 3962 630 4048 gravidam,
652 3963 717 4028 vidi
732 3963 853 4028 animas
867 3963 947 4029 duas
1047 3930 1049 3936 '

555 4095 631 4161 Uno
645 4096 680 4160 in
694 4119 825 4182 corpore
842 4096 993 4183 perditaS.
