2798 4740
195 441 235 502 16
559 433 623 496 DE
648 430 834 495 SEVERO

194 624 249 687 sed
267 613 364 686 etiam
382 621 438 703 qui
457 621 531 681 data
551 640 647 702 opera
666 618 704 680 de
723 640 760 679 eo
779 625 920 699 agerent,
944 624 1107 676 auctorem
1128 611 1198 676 En-

194 729 372 794 delechium
388 729 625 812 profiterentur.
672 726 727 789 Ad
744 726 821 788 istos
836 724 992 787 referendi
1009 722 1198 786 Sirmondus

193 839 216 902 l.
234 861 261 902 c.
309 837 427 901 Savaro
442 837 483 900 ad
498 835 607 898 Sidon.
623 833 731 918 Apoll.
747 833 803 896 lib.
821 833 869 908 II,
894 833 986 916 epist.
1002 834 1035 907 2,
1059 841 1092 894 et
1108 831 1196 907 XII,

194 948 226 1024 3,
251 946 440 1010 Rosweidus
455 945 495 1008 ad
511 944 638 1008 Paulin.
662 942 685 1006 l.
702 965 729 1006 c.
747 942 787 1005 ad
804 941 862 1004 hos
878 940 979 1003 Gerh.
996 940 1044 1003 Io.
1061 939 1198 1002 Vossius

193 1056 228 1119 in
255 1078 351 1138 opere
375 1055 415 1117 de
441 1055 544 1141 poetis
574 1052 647 1116 Lat.
677 1051 816 1115 Thomas
840 1049 1012 1114 Reinesius
1039 1051 1061 1114 l.
1090 1073 1117 1114 c.
1147 1050 1196 1113 Io.

194 1163 357 1226 Weitzius
378 1172 411 1225 et
434 1162 488 1224 alii
517 1163 573 1245 qui
600 1183 724 1224 carmen
748 1160 829 1223 illud
852 1159 1010 1222 edendum
1033 1157 1197 1223 curarunt.

196 1272 401 1357 Quamquam
421 1293 480 1333 nec
504 1265 786 1345 diffitendum'est,
818 1291 1012 1352 anonymrun
1035 1279 1199 1332 auctorem

196 1381 344 1445 editionis
382 1379 689 1462 Lugduno-Batavae
723 1378 816 1452 1715,
856 1379 891 1439 in
928 1377 1141 1460 praefatione,
1166 1387 1200 1441 et

196 1489 314 1553 Christ.
327 1488 601 1571 Schoettgenium,
611 1487 686 1550 Vol.
698 1485 750 1549 VI
764 1485 976 1548 Bibliothecae
986 1484 1059 1549 Lat.
1071 1485 1197 1549 Fabric.

194 1621 227 1683 p.
241 1597 317 1673 470,
334 1597 521 1659 haesitanter
533 1595 572 1658 de
585 1605 713 1658 auctore
724 1594 825 1677 loqui,
842 1604 875 1656 et
887 1594 1043 1671 dubitare,
1060 1617 1101 1657 an
1115 1595 1199 1658 forte
1294 1643 1297 1651 ,

194 1706 302 1789 plures
332 1728 369 1768 eo
403 1705 531 1767 nomine
567 1703 718 1787 appellati
752 1724 919 1787 perperam
955 1726 1013 1786 pro
1042 1727 1107 1768 uno
1134 1705 1200 1769 sint

197 1815 333 1879 habiti*

240 1926 313 2012 ¹De
341 1935 470 1990 auctore
500 1926 600 2008 igitur
628 1924 784 1998 carminis,
819 1922 936 1985 Severo
964 1923 1092 1998 Sancto,
1124 1944 1199 2007 quae

195 2044 352 2119 praeterea
367 2034 429 2096 dici
446 2033 569 2115 possint
583 2031 805 2106 verisimiliter,
828 2053 893 2094 non
907 2031 1021 2106 habeo,
1044 2031 1106 2094 nisi
1124 2054 1200 2094 eum

195 2142 293 2206 fuisse
310 2141 464 2204 Sanctum
478 2141 654 2223 opinemur,
677 2140 718 2202 ad
730 2162 836 2222 quem,
859 2162 987 2224 unaque
1003 2139 1199 2218 Amandum,

196 2250 315 2333 scripta
334 2259 382 2311 est
411 2247 540 2312 Paulini
562 2248 697 2331 epistola
720 2247 858 2312 XXVI.
905 2247 1090 2312 Amandum
1113 2250 1200 2312 enim

198 2358 348 2442 quoniam
356 2357 464 2421 fenmt
475 2358 608 2441 posthac
618 2339 803 2442 episcopatu
811 2357 1040 2440 Burdegalensi
1052 2358 1200 2423 functum

197 2489 275 2544 esse,
298 2467 372 2530 hinc
388 2467 526 2551 colligas
555 2466 709 2531 Sanctum
726 2489 798 2531 cum
810 2465 959 2530 Amando
980 2469 1097 2531 vixisse
1115 2469 1200 2533 Bur-

197 2576 330 2659 degalae‚
354 2587 397 2653 et,
422 2577 449 2641 si
462 2599 535 2641 vere
551 2578 581 2640 ei
596 2577 732 2640 rhetoris
749 2577 888 2659 elogium
906 2577 1021 2640 tribuit
1035 2578 1200 2662 inscriptio
1276 2585 1278 2589 ’
1330 2565 1331 2569 ¹

197 2686 354 2761 carminis,
378 2687 424 2749 ibi
449 2686 659 2749 Grammatici
679 2686 730 2748 vel
751 2686 903 2749 Rhetoris
927 2686 1030 2750 officio
1050 2687 1200 2752 functum

197 2815 282 2856 esse:
314 2793 400 2878 quod
428 2794 535 2877 ipsum
559 2795 656 2857 etiam
683 2795 828 2857 carminis
856 2795 895 2857 de
919 2798 1075 2860 mortibus
1100 2797 1201 2861 boum

197 2911 421 2985 argumentum
442 2912 476 2967 et
500 2903 676 2966 oeconomia
695 2903 812 2988 prodit,
837 2904 1093 2988 quandoquidem
1111 2906 1200 2968 vide-

196 3021 252 3076 tur
265 3013 299 3074 in
315 3013 503 3095 exponenda
516 3013 570 3076 lue
581 3014 800 3096 jumentorum
813 3012 935 3076 illustre
950 3014 1137 3076 narrationis
1149 3016 1201 3078 vel

198 3122 418 3204 descriptionis
442 3121 635 3203 exemplum,
665 3121 846 3185 Rhetorum
866 3145 953 3185 more
974 3133 1008 3185 et
1029 3125 1200 3188 exercendi

197 3229 319 3312 ingenii
335 3230 448 3311 gratia,
473 3251 671 3311 componere,
696 3253 797 3313 eoque
814 3241 958 3295 veterum
977 3231 1201 3296 historicorum
1308 3279 1311 3287 »

199 3349 233 3402 et
252 3348 420 3422 poetarum
439 3337 524 3400 locos
543 3338 662 3402 imitari
682 3339 826 3404 voluisse.
872 3341 928 3404 Ex
949 3342 1059 3405 eadem
1076 3343 1200 3406 ratione

198 3446 285 3511 haud
311 3456 430 3510 temere
457 3445 615 3530 conjicias,
649 3449 839 3530 pertinuisse
865 3449 950 3513 hunc
979 3451 1132 3514 Sanctum
1158 3453 1201 3514 ad

199 3568 349 3642 cognatos
365 3568 398 3620 et
415 3556 525 3620 affines
543 3555 681 3621 Ausonii
698 3568 815 3640 poetae,
839 3582 975 3642 quorum
991 3560 1099 3643 plures
1115 3563 1201 3625 vive-

198 3669 277 3733 bant
288 3670 322 3732 in
336 3667 523 3753 Aquitania,
547 3679 580 3731 et
591 3669 723 3731 fortasse
735 3668 837 3732 filium
852 3668 950 3732 fuisse
963 3669 1063 3732 Flavii
1077 3670 1199 3750 Sancti,

199 3801 296 3862 quem
324 3777 490 3842 Ausonius
519 3778 554 3841 in
584 3777 743 3841 Parental.
770 3801 803 3842 n.
832 3778 961 3842 XVIII
988 3791 1021 3842 et
1043 3779 1138 3843 XIX
1161 3794 1201 3846 ut

250 3955 327 4007 *Tu
343 3955 479 4006 Reinesius
494 3956 520 4005 in
538 3955 624 4020 Epist.
641 3957 728 4011 LXV
739 3958 770 4007 ad
787 3957 938 4008 Daumium:
961 3957 1048 4008 Severi
1060 3957 1202 4009 Endeleicli

199 4041 298 4093 atatem,
315 4035 427 4084 incertam
444 4034 538 4093 Vossio,
547 4036 601 4098 seri
612 4036 765 4086 catisnmam
781 4037 806 4086 ia
823 4036 874 4102 Ep.
889 4036 922 4086 ad
938 4036 1070 4098 Wcitzium,
1087 4038 1130 4102 qai
1148 4055 1200 4088 eom

199 4113 306 4164 secunde
317 4113 415 4164 editioni
426 4129 475 4163 succ
486 4129 615 4163 accucurri
617 4116 679 4178 suit.
