2798 4740
609 421 803 484 SANCTO.
1166 424 1205 488 17

201 605 330 669 affinem
353 606 473 681 laudat,
499 615 533 670 et
552 606 654 670 filium
677 607 826 669 habuisse
851 616 1015 670 memorat.
1061 607 1205 672 Deorum

202 714 305 783 cultui
334 715 422 798 prius
452 715 624 792 addictum,
664 738 741 777 mox
773 715 900 777 Christo
925 737 1042 778 nomen
1071 717 1204 794 dedisse,

148 886 161 907 Ι
201 830 308 893 innuit
324 829 489 906 Paulinus,
514 829 606 912 epist.
630 829 683 891 cit.
730 827 936 890 Occasionem
961 828 1117 892 scribendi
1138 853 1205 892 ear·

200 938 294 1000 minis
308 938 424 1001 habuit
438 961 456 1001 a
473 937 625 1021 pestifera
640 937 704 1011 lue,
729 959 803 1019 quae
820 937 916 999 boves
933 959 991 1019 per
1006 936 1204 1001 Pannoniam
1316 958 1319 964 ’

199 1047 340 1131 primum
368 1058 402 1110 et
432 1046 607 1131 Illyricum,
637 1047 751 1109 deinde
779 1046 905 1128 Belgas,
941 1057 1103 1124 straverat,
1134 1059 1203 1112 tum

175 1139 177 1143 ¹
200 1158 299 1221 etiam
312 1166 533 1241 penetraverat
547 1157 581 1219 in
595 1156 745 1220 Galliam.
760 1154 802 1219 V.
818 1178 898 1219 vers
914 1158 968 1220 22.
1004 1134 1108 1220 Luem
1122 1158 1203 1222 hanc

201 1265 245 1330 A.
273 1266 310 1331 C.
338 1268 403 1331 409
427 1266 557 1330 Alarico
582 1265 709 1329 Italiam
735 1267 887 1348 ingresso,
910 1266 1070 1350 perruptis
1092 1268 1161 1351 ejus
1185 1289 1203 1330 e

111 1459 113 1463 Ι
200 1374 367 1440 Pannonia
393 1386 426 1438 et
453 1374 582 1459 Illyrico
609 1375 763 1451 claustris,
794 1372 947 1437 infudisse
974 1397 1018 1451 se,
1049 1385 1081 1438 et
1108 1375 1203 1458 longe

198 1487 329 1570 lateque
359 1508 461 1569 agros
497 1495 650 1561 armenta,
681 1484 764 1547 viros
793 1481 942 1560 vestisse,
982 1482 1133 1546 Ruffinus
1163 1484 1203 1546 ad

200 1593 422 1658 Chromatium
445 1593 553 1669 refert,
577 1593 662 1676 apud
685 1592 852 1675 Sigonimn
873 1592 946 1655 libr.
971 1592 1008 1655 X
1029 1592 1068 1654 de
1092 1591 1201 1656 Occid.

197 1703 276 1789 imp.
324 1704 389 1767 Sed
416 1725 536 1766 annum
565 1704 634 1787 ejus
660 1701 846 1765 calamitatis
873 1701 930 1764 vix
956 1701 1087 1763 definire
1115 1701 1202 1778 licet,

197 1836 304 1898 neque
328 1814 425 1877 etiam
446 1835 573 1876 necesse
598 1823 656 1875 est.
702 1811 770 1875 Diu
794 1812 879 1874 enim
904 1812 1117 1894 multumque,
1144 1834 1203 1895 per

196 1924 362 2008 variasque
376 1933 487 2000 terras,
509 1923 594 1986 inter
613 1921 698 1985 bella
713 1933 746 1984 et
760 1920 921 1984 eluviones
941 1921 1086 2003 gentium
1100 1920 1201 1983 conti-

198 2055 278 2097 nuas
299 2043 440 2116 grassata
459 2030 529 2095 haec
543 2031 613 2094 lues
627 2031 764 2108 videtur,
790 2031 877 2114 quod
896 2030 1051 2114 imprimis
1066 2040 1202 2094 testatur

198 2143 399 2220 Ambrosius
424 2142 566 2226 ejusdem
590 2140 742 2224 temporis
763 2140 907 2224 scriptor,
935 2138 1148 2203 Commentar.
1167 2140 1202 2202 in

198 2253 321 2318 Lucam
334 2253 390 2317 lib.
410 2252 456 2329 X,
481 2274 549 2335 cap.
566 2251 619 2327 21,
636 2250 738 2314 Tomo
752 2248 805 2314 IV
819 2249 881 2333 Op.
905 2272 937 2332 p.
952 2250 1031 2313 739:
1061 2250 1200 2326 Quanta,

196 2363 314 2446 inquit,
337 2361 456 2446 proelia
474 2369 505 2424 et
526 2382 604 2444 quas
626 2361 785 2443 opiniones
801 2361 977 2442 occepimus
993 2359 1201 2442 praeliorum!

201 2473 280 2540 Quae
300 2473 432 2536 omnium
445 2472 562 2553 sames,
587 2470 653 2534 lues
668 2472 798 2554 pariter
815 2470 902 2532 boum
923 2479 1018 2552 atque
1036 2470 1200 2544 lominum,

199 2584 367 2666 ceterique
383 2583 521 2665 pecoris,
544 2590 580 2642 at
595 2582 690 2642 etiem
705 2602 769 2654 nos,
790 2581 845 2662 qai
866 2578 978 2641 bellam
994 2600 1054 2642 noa
1062 2578 1187 2662 pertal'

198 2713 276 2767 mas,
292 2690 458 2754 debellatis
474 2699 576 2752 temen
585 2711 685 2772 pares
692 2689 812 2770 fecerit
820 2686 1019 2770 pestilentia.
1067 2686 1201 2771 Copiose

197 2798 295 2862 etiarn
310 2799 349 2862 de
363 2799 478 2863 horum
494 2809 674 2880 temporum
695 2796 927 2860 calamitatibus
950 2795 1016 2877 agit
1037 2795 1201 2859 Salvianus

199 2907 323 2972 Massil.
346 2908 403 2971 lib.
421 2907 454 2972 V
469 2908 508 2970 de
525 2907 659 2989 gubern.
685 2905 760 2968 Dei.
802 2905 842 2968 In
862 2906 931 2988 ipso
953 2906 1090 2968 carmine
1107 2907 1202 2970 Seve-

136 3086 139 3094 ,
195 3043 251 3084 rus
265 3019 429 3084 Christum
440 3019 489 3082 bis
502 3027 656 3080 memorat
667 3027 705 3078 ut
717 3015 835 3090 Deum,
851 3036 988 3097 eumque
1000 3036 1085 3077 nunc
1098 3014 1200 3077 solum

196 3129 319 3212 magnis
345 3128 380 3190 in
406 3128 540 3191 urbibus
568 3127 629 3190 coli
655 3124 814 3209 perhibet,
837 3147 867 3187 v.
896 3123 967 3186 106.
1013 3121 1091 3186 Vim
1117 3122 1200 3205 signi
1254 3203 1256 3207 .

196 3239 299 3302 crucis
314 3259 514 3319 summopere
534 3236 699 3319 praedicat‚
723 3245 756 3297 et
776 3234 839 3296 fide
863 3233 1032 3325 accedente
1049 3231 1201 3316 pestilen-

196 3349 275 3412 tiam
298 3371 336 3412 eo
360 3348 501 3411 sedatam
528 3368 595 3409 esse
623 3344 745 3420 asserit,
769 3352 879 3406 contra
904 3342 983 3405 nihil
1004 3364 1200 3427 paganorrnn

197 3456 350 3520 sacrificia
366 3466 399 3520 et
411 3477 507 3519 caesas
519 3454 662 3518 victimas
676 3452 842 3536 profuisse.
883 3451 968 3516 Quae
983 3473 1057 3514 sane
1071 3452 1201 3514 demon-

197 3575 311 3642 strant,
327 3566 480 3648 scriptum
496 3587 563 3627 esse
579 3585 705 3626 carmen
720 3585 758 3624 eo
773 3571 926 3644 tempore,
942 3583 1005 3642 quo
1022 3559 1202 3623 Christiana

197 3676 328 3760 quidem
351 3675 473 3758 religio,
504 3674 606 3738 multa
630 3675 698 3758 jam
724 3670 948 3755 superstitione
976 3670 1199 3747 contaminata,

196 3785 392 3861 invaluisset,
416 3794 617 3869 superessent
639 3793 745 3845 tamen
771 3791 803 3843 et
825 3779 943 3864 passim
965 3779 1199 3845 celebrarentur

197 3895 349 3959 sacrificia
372 3904 406 3957 et
434 3894 515 3957 ritus
539 3893 717 3977 gentilium,
748 3891 780 3953 h.
807 3914 835 3954 e.
862 3891 1015 3975 scriptum
1039 3913 1106 3953 esse
1134 3913 1201 3954 aevo

199 4003 381 4080 Theodosii,
405 4003 509 4066 antei
529 4003 688 4087 proximo.
736 4001 804 4064 Sub
823 4001 1002 4066 Theodosio
1024 4002 1109 4064 enim
1127 4024 1201 4064 con·

198 4121 264 4176 stat
283 4113 503 4198 paganismum
516 4112 562 4176 ita
581 4111 753 4188 sublatmn‚
772 4122 810 4175 ut
833 4112 946 4176 clausis
961 4123 1018 4176 aut
1035 4112 1202 4176 destructis

924 4241 945 4291 C
