2798 4740
212 429 252 495 14
572 430 636 494 DE
662 429 848 497 SEVERO

207 613 475 698 suppeditaverat,
524 615 706 698 conjectura
743 626 777 678 et
824 615 973 699 opinione
1017 617 1209 700 profectum.

207 723 365 789 Veterum
389 722 474 785 enim
496 722 524 785 is
546 723 676 786 minime
703 746 771 787 mos
799 724 872 801 fuit,
903 734 942 788 ut
966 724 1088 790 diversa
1113 729 1212 792 unius

206 832 342 896 hominis
370 833 499 896 nomina
527 833 574 896 ita
608 835 848 919 conjungerent.
908 833 1025 918 Itaque
1055 836 1109 899 alii
1135 848 1212 921 post

207 940 374 1005 Pithoeum
398 942 516 1006 eruditi
538 963 656 1005 nomen
678 942 758 1005 illud
784 944 900 1007 Severo
923 944 1042 1008 Sancto
1062 946 1211 1011 additum

206 1049 250 1112 sic
265 1059 466 1132 acceperunt,
489 1060 528 1114 ut
542 1060 705 1134 putarent,
730 1051 883 1116 Severum
899 1053 1053 1118 Sanctum
1071 1056 1211 1120 eundem

205 1180 284 1235 esse,
307 1180 343 1222 ac
368 1159 424 1242 qui
447 1159 524 1223 alias
546 1169 740 1223 memoretur
762 1160 987 1226 Endeleichus.
1032 1164 1210 1231 Videamus

204 1289 300 1344 nunc,
337 1267 395 1331 ubi
423 1268 450 1331 is
484 1278 629 1352 repertus
664 1269 719 1331 sit.
778 1269 977 1348 Endelechii,
1015 1274 1108 1337 aurici
1146 1274 1208 1352 sui,

203 1376 350 1439 meminit
373 1374 528 1442 Paulinus
553 1378 709 1456 Nolanus,
738 1379 872 1462 epistola
890 1381 945 1443 IX
966 1381 1006 1444 ad
1029 1382 1210 1466 Sulpicium

206 1486 368 1564 Severum,
398 1510 535 1572 eumque
557 1489 618 1551 sibi
635 1498 797 1552 auctorem
816 1489 914 1552 fuisse
934 1491 1043 1554 scribit
1063 1492 1209 1576 opusculi

204 1597 244 1659 de
268 1597 448 1661 Theodosio
472 1597 669 1681 Imperatore
697 1599 915 1681 componendi.
971 1599 1133 1663 Praeterea
1158 1601 1208 1664 in-

204 1705 322 1769 dicium
335 1706 524 1770 Endelechii
535 1707 671 1771 rhetoris
681 1706 758 1770 facit
771 1708 934 1771 annotatio
942 1719 1034 1772 vetus
1048 1710 1083 1792 in
1099 1711 1207 1774 codice

203 1816 387 1902 Apuleiano
413 1818 617 1882 bibliothecae
641 1820 808 1883 Vaticanae
835 1830 972 1904 reperta,
1004 1844 1101 1904 quam
1123 1824 1206 1888 refe·
1264 1806 1268 1811 .

201 1939 279 1991 runt
297 1928 484 1991 Sirmondus
495 1928 529 1990 in
550 1938 618 1990 not.
641 1929 682 1990 ad
699 1927 808 1991 Sidon.
829 1927 937 2011 Apoll.
950 1928 1006 1993 lib.
1022 1929 1084 2006 IV,
1110 1931 1203 2015 epist.

202 2037 234 2112 8,
272 2035 444 2099 Generard.
479 2035 737 2098 Elmenhorstius
772 2036 812 2099 ad
844 2036 975 2120 Apulei.
1016 2036 1205 2104 Rosweidus

201 2145 236 2208 in
265 2156 332 2208 not.
363 2145 403 2208 ad
434 2144 560 2208 Paulin.
600 2144 621 2207 l.
659 2167 686 2208 c.
731 2145 862 2209 Curtius
890 2146 1040 2222 Pichena,
1076 2148 1203 2231 praefat.

202 2252 427 2337 appendunt.
451 2252 486 2314 in
510 2251 668 2315 Tacitum.
714 2253 776 2316 Est
797 2276 872 2317 vero
895 2253 1092 2337 hujusmodi:
1131 2258 1204 2342 Epo

202 2362 361 2427 Salustius
387 2360 450 2445 lepi
471 2370 503 2423 et
523 2361 684 2424 emendavi
708 2363 816 2425 Roma
832 2362 990 2444 feliciter,
1019 2364 1149 2448 Olybrio
1174 2375 1205 2429 et

200 2471 338 2536 Probino
365 2470 448 2534 Coss.
470 2471 505 2532 in
520 2472 595 2552 sora
621 2470 744 2533 Martis
766 2472 1006 2534 controversiam
1023 2472 1204 2538 declamans

196 2581 320 2667 ,oratori
342 2579 547 2642 Endeleclio.
591 2580 716 2642 Rursus
745 2579 1016 2663 Constantinopoli
1039 2586 1204 2666 recoqnooi

197 2674 342 2754 ⁴Canania
358 2697 389 2751 et
402 2687 511 2751 Attico
529 2688 612 2751 Coss.
651 2687 828 2751 Enimuero
844 2688 968 2750 nullum
983 2689 1034 2752 hic
1048 2690 1204 2755 indicium

200 2795 389 2863 Endelechii
417 2818 475 2879 pro
507 2795 623 2859 Severo
655 2795 773 2859 Sancto
800 2795 938 2858 habendi
968 2808 1026 2860 est.
1084 2798 1203 2883 Neque

199 2909 285 2973 enim
307 2905 431 2990 uspiam
454 2905 650 2969 Endelechio
673 2927 789 2969 nomen
822 2894 931 2969 Sancti
955 2907 1136 2991 apponitur,
1164 2920 1203 2972 ut

198 3039 304 3103 neque
317 3014 443 3079 Sanctis
458 3014 514 3098 qui
527 3014 687 3092 dicuntur,
702 3036 819 3078 nomen
833 3013 1031 3078 Endelechii.
1056 3015 1202 3084 Flavium

200 3128 365 3199 Sanctum,
390 3122 518 3185 affinem
534 3144 639 3198 suum,
663 3133 819 3186 memorat
841 3121 1015 3201 Ausonius,
1039 3123 1200 3191 Parental.

199 3234 340 3309 XVIII,
365 3255 462 3315 quem
481 3232 588 3295 innuit
610 3232 798 3316 praefectum
819 3234 887 3316 agri
908 3232 1071 3317 Rutupini
1090 3235 1200 3303 fuisse.

198 3345 246 3410 Et
259 3345 300 3408 ad
316 3342 469 3405 Sanctum
484 3341 643 3424 quendam
659 3341 823 3425 epistolam
840 3342 967 3405 XXVI
983 3344 1093 3406 scribit
1115 3343 1201 3409 Pau-

196 3455 292 3532 linus,
316 3474 412 3537 quem
432 3451 518 3515 illius
535 3450 644 3515 Sancti
659 3452 761 3515 filium
779 3452 877 3516 fuisse
897 3452 1040 3537 conjicio.
1087 3453 1201 3518 Alium

198 3554 363 3640 Sanctum,
377 3583 450 3625 cum
460 3559 630 3639 Gallicino,
644 3561 834 3644 Burdegalae
845 3562 1031 3646 episcopatu
1039 3561 1198 3641 functum,

195 3685 235 3739 ut
248 3673 434 3738 familiarem
448 3694 542 3735 suum
555 3672 665 3735 laudat
687 3671 835 3734 Sidonius
851 3671 907 3735 lib.
923 3671 1025 3749 VIII,
1049 3673 1142 3755 epist.
1160 3694 1198 3739 11.

196 3783 308 3866 Atque
336 3782 371 3844 hi
395 3803 503 3844 omnes
531 3779 690 3863 Aquitani
712 3780 810 3844 fuisse
835 3780 925 3843 etin
951 3780 1059 3844 Gallia
1080 3782 1199 3846 vixisse

195 3891 353 3967 videntur,
391 3889 548 3972 siquidem
561 3898 594 3953 et
609 3889 779 3954 Reinesius
796 3890 930 3974 epistola
944 3890 1035 3959 VIII
1051 3892 1092 3954 ad
1106 3892 1199 3956 Dau-

194 3999 295 4063 mium
317 4020 350 4082 p.
376 3996 429 4074 24,
456 3996 644 4061 Sanctorum
664 4007 794 4081 gentem
811 3998 968 4062 illustrem
986 4008 1019 4063 et
1040 3999 1198 4063 celebrem

193 4108 277 4172 inter
298 4104 438 4171 Gallicas
457 4105 554 4170 fuisse
578 4107 728 4184 ostendit,
757 4107 903 4190 pluribus
926 4106 1029 4172 Gallis
1054 4108 1197 4192 ejusdem
