2798 4740
587 401 804 466 LECTORI.
1159 404 1194 466 ll

198 596 266 651 erat
279 585 386 650 forsan
403 584 497 650 nimis
512 607 555 650 ex
576 607 610 650 re
627 586 777 670 pecuaria
794 585 958 670 augendis,
981 608 1055 670 quae
1071 587 1200 677 quidem

197 695 295 758 etiam
309 694 556 771 abundaverant,
572 716 650 758 mox
666 704 834 779 tantopere
850 695 1034 759 debilitatus
1049 705 1083 759 et
1096 696 1200 760 minu·

197 814 261 883 tus,
285 803 452 868 salubriori
465 803 727 887 contemplationi
742 803 968 892 agglutinatur.
1007 803 1060 868 Tu
1072 826 1200 889 quoque

197 912 323 977 utinam
336 913 478 977 urbanus
494 934 587 996 aeque
601 935 637 976 ac
649 912 796 976 rurestris
807 912 901 989 saxia,
924 924 963 976 ut
974 913 1201 997 conquirantur

196 1021 325 1107 piacula
342 1021 400 1084 irae
418 1022 518 1106 justae
539 1021 733 1096 avertendam
758 1043 855 1103 quam
875 1021 1039 1084 coelestem
1056 1043 1123 1084 esse
1144 1020 1202 1105 qui

199 1131 346 1195 dubitare
360 1141 463 1215 potes,
488 1153 589 1214 quum
604 1152 646 1192 ex
661 1129 738 1212 ipsis
753 1129 849 1193 rebus
866 1130 1081 1214 deprehendas
1096 1154 1202 1197 aerem

198 1240 259 1303 tibi
270 1239 423 1303 infestum
436 1241 525 1302 esset
561 1237 671 1322 Hujus
683 1236 802 1301 halitus
815 1238 976 1302 trucidans
988 1249 1131 1304 armenta
1144 1250 1202 1306 tua

200 1348 358 1411 exclamat
375 1347 435 1410 tibi
452 1369 520 1409 rem
538 1369 605 1410 esse
624 1367 698 1409 cum
715 1355 764 1422 e'o,
789 1347 879 1430 eujus
899 1348 961 1410 ista
979 1358 1120 1431 potestas
1141 1359 1200 1413 est.

201 1457 369 1542 Quidquid
390 1456 561 1520 admissum
579 1455 630 1532 sit,
653 1464 690 1517 tu
708 1455 822 1538 cogita.
868 1455 940 1538 Ego
956 1477 1015 1520 nee
1033 1479 1143 1520 censor
1160 1457 1200 1520 ab

200 1565 307 1630 Roma
319 1566 411 1628 venio
431 1585 491 1627 nec
513 1564 620 1636 εὐθήνηε
638 1563 678 1626 ab
697 1562 845 1626 Athenis·
892 1563 965 1627 Hoc
986 1565 1093 1628 mirari
1113 1565 1200 1643 lieet,

200 1695 257 1738 eur
274 1695 375 1757 quum
396 1673 507 1755 AEgon
523 1670 662 1734 fateatur
681 1670 769 1734 istud
790 1671 894 1734 fatum
916 1673 1088 1737 transsilire
1112 1672 1200 1751 alios,

199 1783 261 1846 vici
283 1805 341 1846 nos
363 1781 513 1865 affligere,
538 1779 670 1864 Tityrus
695 1781 738 1842 sic
762 1792 893 1863 repente
916 1792 990 1866 post
1010 1782 1201 1846 celebratam

201 1893 270 1977 ejus
285 1892 326 1954 ab
340 1892 469 1974 AEgone
488 1889 674 1952 felicitatem
690 1889 834 1973 prosiliat
851 1912 924 1954 cum
942 1892 1032 1974 signo
1050 1893 1152 1956 crucis
1167 1903 1202 1957 et

200 2022 316 2082 magna
330 2001 398 2084 ejus
414 1997 569 2082 potentia,
594 2019 738 2061 neceam
758 2020 826 2061 rem
839 1999 949 2062 vicinis
967 1999 1200 2083 significaverit,

181 2109 289 2185 ,haud
316 2109 413 2173 dubie
438 2108 535 2170 etiam
556 2106 641 2169 ultro
663 2129 736 2169 cum
756 2106 811 2170 illo
835 2108 963 2185 acturis,
991 2110 1124 2194 siquod
1146 2111 1201 2174 ille

202 2220 316 2283 statuit
330 2219 482 2282 vidissent
503 2219 572 2302 ejus
589 2217 739 2281 armentis
756 2219 854 2301 parci.
900 2218 970 2283 Imo
989 2221 1100 2305 quidni
1118 2223 1201 2287 bene

203 2328 242 2391 de
258 2327 371 2412 Tityro
392 2326 530 2409 cogitare
547 2325 633 2402 lieet,
658 2336 691 2390 et
707 2327 741 2389 in
755 2326 941 2391 instruendo
962 2342 1202 2412 praeventurum

201 2435 298 2499 fuisse
309 2435 438 2512 vicinos,
454 2435 581 2499 utboni
593 2435 688 2498 vicini
700 2435 840 2499 officium
853 2437 1014 2520 exigebat,
1038 2439 1064 2502 si
1078 2443 1202 2523 potuis-

203 2556 253 2610 set
265 2545 360 2610 modo
375 2555 441 2609 tam
455 2544 521 2608 leni
536 2544 697 2607 calamitas
711 2544 766 2608 illa
780 2546 889 2608 averti.
937 2545 1032 2610 Certe
1048 2549 1104 2631 qui
1114 2571 1202 2614 nunc

203 2666 270 2720 tam
283 2665 431 2740 prompte
445 2654 551 2718 omnia
568 2652 680 2738 aperit,
703 2676 768 2717 non
781 2654 907 2717 videtur
927 2665 1021 2720 antea
1037 2657 1082 2721 sic
1098 2681 1202 2724 moro·
1218 2725 1220 2729 ,

204 2788 257 2828 sus
282 2764 391 2841 fuisse,
418 2774 457 2828 ut
480 2762 587 2827 omnia
610 2761 714 2847 perire
736 2763 845 2847 potius
868 2763 993 2842 viderit,
1024 2789 1119 2850 quam
1141 2768 1203 2833 hoc

204 2896 299 2938 suum
313 2873 411 2958 gratis
426 2881 592 2958 acceptum
608 2873 854 2938 communicaret
869 2895 942 2937 cum
956 2873 1035 2940 aliis.
