2798 4740
254 412 298 476 40
532 459 539 469 .
699 433 811 478 norm.

256 610 278 644 c.
295 594 354 644 137:
382 593 531 661 Gurqr'tesic
542 594 613 660 pleno
621 596 703 661 βιαίου
713 598 827 646 mouerit.
859 596 910 647 Sed
928 596 1255 661 1101.carm.1v,1,342

255 683 347 733 Manat
356 700 415 734 rore
425 700 488 734 meos
498 683 596 735 lacrimo
605 701 651 750 per
659 685 891 750 peuce-Wunus.

306 863 392 916 Vsus.
409 861 519 913 4.-Foc
529 868 556 911 ut
567 861 631 911 udrit
642 862 736 927 amens]
756 860 884 926 Apposite
899 861 1015 911 Achilles
1030 861 1122 914 Tatius
1133 863 1177 916 lib.
1191 867 1216 916 3.
1227 866 1259 917 de

260 952 371 1016 Clitoph.
389 961 415 1004 et
434 952 538 1016 Leucip.
558 953 701 1018 συμπαθὴς
716 950 741 1000 δέ
759 969 814 1010 πως
830 952 866 1010 είς
882 951 957 1002 ἔλεον
974 953 1112 1018 ἄνθρωπος
1127 953 1260 1019 ἀκροατὴς

256 1042 402 1107 ἀλλοτρίων
411 1061 504 1092 ιιαιιων.
518 1043 561 1090 καί
573 1041 643 1100 ἔλεος
652 1040 780 1099 πολλάκις
790 1041 881 1106 φιλίαν
890 1043 1021 1106 προξενεῖ·
1036 1040 1053 1102 ἡ
1063 1043 1113 1108 γάρ
1122 1042 1198 1106 ψυχὴ
1209 1061 1260 1108 μα·
1309 1111 1313 1118 1

255 1131 386 1194 λαχθεῖσα
398 1131 465 1196 πρὸς
481 1133 532 1192 τὴν
544 1130 581 1181 ὧν
592 1132 684 1192 ἤκουσε
696 1130 795 1191 λύπην,
813 1131 967 1181 συντεθεῖσα
983 1132 1049 1180 κατὰ
1059 1132 1151 1196 μικρὸν
1162 1133 1197 1197 τῇ
1213 1135 1259 1182 τοῦ

257 1218 359 1277 πάθους
375 1217 495 1281 ἀκροάσει
507 1220 559 1279 τὴν
574 1220 669 1279 οίιιτον,
684 1218 720 1277 είς
735 1219 825 1283 φιλίαν
837 1222 885 1279 τῆς
895 1217 983 1280 λάπης
994 1219 1042 1270 τὸν
1050 1219 1124 1269 ἔλεον
1132 1219 1260 1285 συλλέγει.

258 1306 296 1358 Et
308 1323 393 1356 rursus
408 1306 473 1357 libro
490 1309 514 1357 6.
537 1308 591 1358 ἔστι
605 1309 653 1374 μὲν
669 1309 719 1373 γὰρ
730 1307 802 1373 φύσει
816 1307 928 1373 δάκρυον
944 1307 1085 1373 ἐπαγωγὸν
1101 1305 1188 1366 ίλίους
1202 1310 1259 1365 τοῖς

255 1395 357 1462 ὁρῶσιν.
395 1394 465 1445 Hinc
479 1395 615 1460 Euripides
629 1410 681 1445 non
693 1395 794 1454 absone,
814 1394 895 1459 Iphlg.
912 1394 1001 1444 Aulid.
1015 1409 1039 1444 v.
1053 1395 1109 1444 424.
1128 1393 1154 1454 ἐς
1167 1394 1258 1445 κοινὸν

255 1483 349 1547 άλγεῒν
364 1487 418 1543 τοῖς
433 1485 528 1548 pelorus
543 1485 594 1549 χρὴ
610 1484 707 1550 φίλους.
742 1483 851 1548 Afflictio
864 1484 932 1542 euim,
953 1499 1010 1532 uera
1026 1481 1133 1546 affinitas
1148 1482 1259 1531 amicitioe

254 1577 303 1630 est,·
327 1579 349 1620 et
364 1572 414 1620 veri
431 1572 501 1621 amici
517 1580 619 1636 tempore
632 1571 783 1621 aduersitatis
795 1570 936 1635 probantur,
956 1570 1018 1634 quin⁴
1031 1568 1131 1634 affictus
1144 1575 1200 1618 tuuc
1213 1569 1258 1617 im-

250 1656 371 1722 pelluntur
381 1657 416 1707 od
425 1657 611 1725 benefaciendum
622 1659 713 1709 amico.-
735 1666 764 1708 ut
775 1657 810 1708 ait
821 1658 852 1707 P.
867 1656 1015 1716 Mattheus,
1032 1655 1142 1706 historiae
1152 1655 1257 1706 Gallicos

253 1744 336 1809 regius
355 1753 381 1797 et
400 1745 547 1796 vernaculus
566 1747 681 1811 scriptor,
704 1746 804 1811 elegans
822 1761 881 1796 sene
900 1752 927 1795 et
944 1744 1056 1795 eruditus
1079 1743 1125 1807 (ita
1139 1741 1258 1806 indigitat

256 1833 384 1899 Rodolph.
400 1834 534 1894 Botoreus,
551 1834 606 1899 ipse
617 1834 683 1893 talis,
699 1834 743 1885 lib.
758 1835 795 1884 16.
811 1849 866 1898 pag.
878 1833 951 1894 546.)
967 1832 1056 1882 histor.
1068 1829 1113 1880 lib.
1126 1830 1151 1880 4.
1161 1838 1254 1880 narrat.

252 1922 277 1971 2.
289 1937 344 1986 pag.
357 1924 397 1974 47.
435 1922 539 1972 Interim
555 1939 620 1972 nuno
637 1922 755 1972 lominum
768 1922 893 1987 reperitur,
910 1921 953 1986 qui
966 1918 1021 1970 velit
1035 1918 1150 1983 adoptare
1164 1917 1257 1968 dolores

252 2017 276 2059 et
288 2008 395 2073 eumelus
409 2008 521 2068 aliorum·
545 2010 610 2059 sicut
623 2017 663 2060 est
678 2009 744 2074 apud
757 2009 863 2059 eundem
877 2008 921 2059 lib.
936 2010 961 2059 2.
980 2015 1070 2058 narrat.
1083 2008 1108 2057 3.
1126 2021 1182 2070 pag.
1197 2007 1255 2056 203.

252 2096 346 2146 Amano
359 2098 405 2162 tur]
427 2096 544 2149 Ciceroni
559 2096 709 2161 nimisquam
724 2096 854 2156 familiare,
873 2097 939 2147 uude
955 2104 982 2147 et
996 2101 1115 2160 petantur
1130 2093 1254 2161 exempla.
1311 2124 1312 2128 =

252 2182 312 2233 Aua
322 2183 414 2233 silenda
425 2183 534 2250 condere]
557 2183 623 2237 Vice
634 2200 705 2234 versu
719 2184 791 2248 Virg.
808 2185 845 2235 10.
863 2184 968 2235 AEneid.
985 2182 1060 2233 dixit:
1085 2180 1146 2233 Aua
1160 2180 1257 2231 silentiu

251 2288 367 2336 rumpere,
378 2280 401 2320 et
410 2270 533 2321 obductum
544 2271 621 2322 uerbis
632 2271 730 2338 uulqore
740 2271 848 2323 dolerem.
886 2272 927 2323 Ita
939 2279 966 2322 et
978 2270 1038 2324 val.
1054 2270 1160 2320 Flaccus
1170 2268 1216 2319 lib.
1227 2271 1253 2320 3.

251 2377 274 2412 v.
296 2363 352 2412 508.
390 2361 540 2426 Tandemque
554 2361 647 2412 silentiu
665 2364 761 2427 rumpit.
796 2361 834 2413 Et
850 2361 895 2412 lib.
912 2362 936 2411 5.
958 2377 983 2412 v.
1000 2361 1056 2412 548
1098 2359 1164 2420 Quor
1182 2358 1255 2425 leupo

249 2449 343 2500 είίουίία
358 2449 444 2500 Pallas
457 2458 581 2515 rumperet.
618 2449 689 2500 Idem
701 2450 746 2501 lib.
760 2452 782 2500 l.
800 2466 823 2501 v.
836 2451 892 2501 508.
912 2458 939 2500 et
950 2449 994 2500 lib.
1008 2450 1032 2500 4.
1052 2465 1076 2500 v.
1088 2449 1128 2499 42.
1145 2465 1255 2514 rumpere

249 2545 352 2602 questus.
384 2537 457 2601 Virg.
473 2538 498 2587 2.
517 2538 541 2587 3.
558 2544 584 2589 et
597 2541 621 2589 4.
644 2537 748 2588 AEneid.
769 2554 877 2605 rumpere
893 2555 978 2588 vocem.
1016 2537 1057 2588 Ita
1073 2537 1155 2588 Graeci
1173 2537 1254 2602 ῥῆξαι

249 2626 348 2691 φωνήν.
379 2625 488 2690 Oppian.
504 2641 521 2675 1.
536 2626 658 2691 Cyneget.
672 2625 751 2691 ῥῆξαι
762 2626 841 2692 δεσμά
853 2631 962 2688 σιωπῆς.
978 2626 1034 2676 Adi
1047 2625 1079 2676 P.
1098 2625 1195 2679 Victor.
1211 2626 1251 2675 10.

249 2727 299 2761 var.
311 2712 370 2763 lect.
384 2714 408 2762 8.
424 2713 540 2764 Lambin.
554 2713 586 2762 ed
599 2713 690 2764 Horat.
707 2713 791 2777 Epod.
805 2730 830 2778 p.
842 2716 898 2765 359.
918 2713 1047 2767 Vechner.
1060 2712 1212 2763 hellenolex.
1225 2715 1251 2763 2.

249 2814 271 2849 c.
291 2800 315 2848 4.
340 2799 430 2851 Horat.
449 2801 474 2850 2.
508 2801 582 2852 Satir.
604 2803 629 2852 6.
678 2801 776 2853 Scilicet
799 2804 888 2868 eprepii
914 2801 1033 2852 mortalem
1054 2801 1141 2867 ultique
1161 2801 1251 2853 silenti.

250 2886 378 2951 Apuleius
395 2887 422 2936 in
443 2887 538 2939 Florid.
577 2888 632 2940 Vos
653 2890 679 2939 iu
700 2891 789 2955 rapine
808 2889 895 2941 silentii
916 2890 1020 2951 conditu,
1042 2890 1133 2942 diutino
1155 2897 1253 2956 torpore

246 2975 454 3028 hebetatum-W.

298 3150 383 3203 Vsus.
402 3152 462 3200 5.-
467 3151 564 3212 Quoeeo,
582 3152 649 3202 sinos
662 3152 733 3219 altu]
758 3154 818 3203 Non
829 3153 986 3204 dissimiliter
999 3154 1107 3206 Ovidius
1119 3155 1144 3205 4.
1165 3154 1248 3208 Trist.

247 3237 271 3287 4.
285 3253 309 3289 v.
323 3239 363 3288 40.

523 3343 614 3386 Atrine
626 3354 659 3385 me
666 3344 715 3396 sart
726 3357 769 3386 nou
781 3346 901 3388 meminisse
913 3347 967 3388 met:

497 3419 557 3460 Neue
568 3420 708 3461 retractando
720 3421 813 3462 mondum
825 3422 923 3463 comente
934 3432 1011 3474 rumpe

527 3494 636 3542 Vulnera,¹
652 3495 692 3536 etr
703 3495 750 3537 illie
760 3496 860 3548 proderit
872 3497 922 3549 ipra
934 3497 1001 3548 quies.

248 3615 323 3666 Prov.
337 3616 431 3667 Malum
443 3617 499 3667 bene
509 3618 625 3667 conditum
636 3635 665 3668 ue
675 3636 776 3679 moveos,
791 3636 877 3670 evers.
889 3622 945 3671 423.
959 3620 1121 3684 Theop-S.
1155 3620 1249 3673 Paullo

245 3704 330 3754 durius
341 3707 381 3755 vel
392 3705 545 3770 pleonastice
557 3705 651 3757 dictum
663 3707 756 3757 silentio
773 3709 872 3758 condere
882 3709 995 3758 smsibus.
1030 3707 1096 3758 Nam
1108 3708 1152 3758 alii
1163 3709 1249 3762 solent

243 3808 291 3841 rem
309 3792 400 3842 silentio
418 3793 524 3852 condere,
546 3802 628 3859 tepere.
670 3794 792 3847 Similiter
809 3803 892 3846 tumen
913 3795 1075 3856 Prudentius,
1097 3795 1194 3861 praefat.
1214 3799 1248 3848 sd

242 3883 299 3932 libr.
314 3883 340 3931 in
355 3883 449 3947 Symm.
463 3900 486 3933 v.
500 3885 546 3933 55:
574 3884 662 3934 Subter
673 3888 822 3950 comprimere
836 3885 917 3936 clauso
927 3886 1028 3937 silentio.
1065 3886 1166 3956 Clauso,
1185 3903 1247 3938 con-

243 3971 304 4031 dito,
319 3987 462 4035 compresso
473 3971 574 4022 silentio
583 3973 732 4023 contrarium
746 3983 792 4033 est,
809 3974 908 4038 quando
920 3975 1021 4025 silentia
1028 3978 1107 4041 rumpi
1117 3975 1243 4029 dicuntur.

246 4060 553 4112 Conduntobliviamentem
560 4061 636 4113 habet
648 4063 807 4116 Claudianus.
823 4064 988 4130 Gons.01yb.
1003 4081 1027 4116 v.
1041 4046 1245 4116 idm-Weiss.
