2798 4740
237 411 280 474 38
680 423 792 468 uarro.

236 595 271 642 ira
283 599 340 656 post
356 597 447 641 martas.
464 589 508 640 lib.
527 591 550 640 6.
568 602 608 652 ep.
623 589 663 639 33
682 595 766 637 mortes
777 602 904 636 seruomm.
932 585 1030 635 Rursus
1041 584 1085 635 lib.
1099 585 1123 635 8.
1142 601 1182 649 ep.
1196 586 1238 637 64.

235 678 334 729 blandas
347 685 438 728 martas.
471 677 508 728 Et
524 675 568 726 lib.
586 678 609 726 9.
624 691 663 740 ep.
686 676 740 726 104.
769 674 987 724 Fecuudcmoetm't
1001 675 1112 738 reparari
1126 673 1241 723 mortibus

235 766 342 832 hydram.
381 765 505 817 Gunther.
525 765 569 815 lib.
593 765 631 815 10.
648 779 672 813 v.
693 765 749 813 341.
773 771 858 813 mortes
871 763 1010 829 funduntur
1029 762 1059 812 ab
1075 763 1160 812 athera
1180 771 1238 813 toto.

238 853 359 903 Prudent.
371 855 395 903 2
408 855 434 902 in
447 853 587 917 symmach.
618 852 657 902 Tu
664 859 748 902 mortes
759 852 895 900 miserorum
905 850 1022 899 bominum
1031 849 1153 914 prohibeto
1164 849 1242 900 litari.

241 942 292 994 Sed
308 958 384 992 manu
400 941 540 1000 serendum,
563 956 614 991 non
634 955 714 999 succo,
739 939 857 989 monebat
882 937 1018 986 Pindarum
1040 937 1238 989 Corinna-W.

240 1030 355 1096 AEuort.]
399 1031 518 1088 αἰπόλος,
551 1029 700 1096 αἰγελάτηςν
735 1027 886 1092 αι’γοπόλος,
920 1024 1052 1090 caprarius,
1085 1025 1241 1090 Ziegenhirt.

242 1118 321 1168 Siber.
336 1118 362 1166 in
377 1119 484 1169 Gemma
500 1133 525 1181 p.
536 1118 593 1168 441.
618 1117 649 1166 Ρ.
667 1117 749 1166 Noun.
767 1116 799 1165 od
821 1115 911 1178 Eclog.
926 1117 950 1165 3.
970 1116 1044 1179 Virg.
1088 1115 1239 1181 Rusticus]

235 1205 372 1269 βουκόλος,
394 1206 552 1272 ἀγελάρχης,
575 1205 746 1265 armentarius,
769 1212 855 1269 pastor
874 1205 988 1263 armenti,
1013 1204 1114 1254 Ruhirt.
1156 1205 1238 1255 Siber.

236 1293 296 1344 ibid.
305 1303 331 1345 et
341 1295 426 1346 Gloss.
465 1295 607 1360 Turnus]
629 1294 716 1344 Servio
728 1302 767 1344 est
775 1297 838 1343 aries
850 1295 979 1344 ductarius.
1002 1294 1097 1342 Priscis
1108 1293 1241 1343 AEolensi-

236 1384 283 1433 bus
302 1383 426 1447 significat
443 1381 549 1447 cdpram.
583 1382 673 1447 Scalig.
696 1397 713 1432 1.
738 1387 806 1446 polit
828 1398 849 1430 c.
873 1383 912 1432 12.
937 1382 1050 1432 videatur
1071 1382 1191 1432 Becman.
1213 1383 1241 1430 in

240 1472 365 1538 Originib.
378 1489 433 1537 pag.
445 1473 501 1523 500.
519 1470 630 1522 Turneb.
644 1471 689 1520 lib.
705 1471 742 1521 16.
757 1486 778 1519 e.
794 1470 910 1521 15.-w.

545 1747 659 1798 NOTAE
688 1747 737 1796 ΑΙ)
765 1746 936 1796 CARMEN.

288 1896 373 1949 Vsus.
389 1894 594 1960 l.-Quuiuam.]
621 1894 706 1946 Gloss.
723 1894 747 1943 τί
763 1894 805 1943 ἄν.
841 1892 970 1943 Theocrit.
988 1893 1061 1958 Idyll.
1081 1895 1118 1945 10.
1135 1910 1200 1946 vers.
1217 1897 1238 1946 l.

382 2023 446 2088 ἔργα
458 2023 518 2072 τίνα
529 2021 645 2086 pausare,
662 2021 687 2070 τί
699 2025 749 2071 νῦν
761 2021 844 2085 ὀϊζυρὲ
857 2019 1088 2080 wermudam-W.

239 2156 391 2223 Sollaapm]
420 2156 505 2208 Gloss.
528 2164 555 2206 et
574 2155 706 2206 Onomast.
727 2156 845 2222 μονήρης
864 2163 891 2205 et
914 2155 1059 2222 φιλέρημος.
1108 2155 1180 2206 Bene
1204 2157 1239 2206 D.

238 2246 359 2296 Bernhar.
376 2245 407 2295 de
423 2245 475 2296 vito
493 2244 587 2295 solitar.
607 2244 638 2294 od
655 2244 712 2295 frat.
730 2245 761 2295 de
780 2253 866 2296 monte
888 2245 950 2296 Dei:
978 2246 1089 2297 Solitudo
1105 2263 1188 2297 momen
1206 2256 1243 2297 est

235 2335 342 2384 miseria.
383 2331 458 2393 Quod
471 2332 555 2382 forsan
570 2331 658 2382 exillo
674 2331 762 2382 Eccle.
779 2334 803 2383 4.
820 2349 843 2382 v.
860 2333 897 2384 10.
923 2333 965 2383 Va
979 2332 1111 2384 soli-W.
1147 2334 1242 2384 Tristia

233 2422 330 2487 poma]
349 2420 397 2480 Ita,
414 2419 485 2470 muba
498 2436 599 2485 paneas.
620 2419 694 2484 virg.
705 2421 730 2468 5.
746 2419 808 2470 AEn.
821 2419 905 2486 βορέα
921 2421 1061 2479 στενάζων,
1088 2421 1198 2485 Oppion.
1213 2425 1239 2473 2.

240 2509 361 2574 cyneget.
393 2507 460 2561 Vide
474 2506 602 2560 Vecbner.
627 2507 822 2557 Hellenolex.1.
841 2507 979 2557 cal-w.
1015 2507 1153 2573 Soliuapus,
1170 2510 1242 2559 solus

236 2597 353 2648 oberrans
374 2605 401 2647 et
422 2596 552 2646 hominum
576 2596 783 2647 consuetudinem
805 2595 894 2646 vitans.
944 2597 1030 2648 Gloss.
1055 2605 1081 2647 et
1106 2597 1242 2650 Onomast.

235 2685 352 2750 μονήρης
375 2693 402 2736 ct
421 2686 566 2751 φιλέρημος.
590 2687 693 2751 ιΜοοοῐὶ
711 2686 872 2737 solitudinem
889 2694 981 2736 amant
1017 2686 1079 2740 Vid.
1101 2694 1189 2737 notatu
1210 2689 1242 2737 ad

240 2772 359 2836 cupam.
380 2773 414 2822 Ε.
433 2773 487 2833 IX,
509 2776 550 2833 29,
573 2782 600 2824 et
616 2774 669 2823 XI.
684 2775 722 2823 12
761 2773 851 2826 Cicero
867 2773 898 2823 de
916 2773 991 2824 Offic.
1012 2774 1033 2832 Ι,
1052 2774 1093 2832 44,
1109 2772 1242 2840 soliaapam

236 2859 396 2924 cognitionem
417 2860 486 2921 dicit,
520 2877 575 2926 quae
597 2861 744 2912 societatem
766 2861 896 2912 hominum
919 2862 1037 2913 tuendam
1058 2878 1110 2913 non
1133 2872 1242 2927 spectat,

235 2964 283 2999 nec
293 2948 382 3000 usibus
393 2948 501 3014 publicis
512 2951 699 3001 accommodato
709 2950 906 3002 esu-Wsous.

181 3154 184 3162 =
287 3126 373 3179 Vsus.
389 3127 571 3177 2-Demism's
588 3129 695 3192 praviter
711 3126 859 3193 luminibus]
881 3127 957 3177 Nulla
969 3143 1032 3192 pars
1048 3136 1083 3176 art
1097 3129 1123 3177 iu
1133 3128 1242 3189 -lromiuc,

235 3213 319 3277 inquit
330 3213 356 3261 in
369 3213 476 3264 Satirico
490 3212 649 3278 Euphormio
659 3214 798 3264 Lusininus
806 3231 861 3279 pag.
875 3216 915 3273 36,
933 3232 985 3279 quar
996 3216 1072 3280 ναοῖο
1082 3231 1134 3265 cum
1144 3216 1243 3266 arcanis

236 3300 361 3366 affectibus
372 3301 509 3360 consentiat,
526 3318 596 3365 quam
608 3301 677 3352 oculi.
712 3302 824 3367 Ampium
835 3312 858 3352 at
871 3302 1039 3367 quodammodo
1052 3310 1156 3368 ceperam
1166 3305 1243 3354 aciem

236 3406 284 3438 mou
300 3389 348 3438 uisi
363 3389 443 3454 maarai
458 3397 481 3438 et
500 3389 576 3439 uiridi
593 3390 693 3454 spiritus
713 3389 788 3440 alunt.
829 3389 950 3441 Blandior
966 3409 995 3441 ac
1013 3390 1077 3441 uelut
1092 3391 1242 3452 illecebrosa,-

227 3477 325 3544 saciles‚
342 3495 384 3528 uec
398 3479 499 3528 omnium
511 3478 588 3528 hostes
601 3477 754 3544 voluptatum,
771 3487 845 3529 notat.
883 3480 928 3529 Sic
942 3487 1058 3545 ampucius
1072 3479 1161 3538 oculus,
1178 3466 1243 3530 oiim

236 3566 307 3616 imum
317 3583 433 3617 carcarem
443 3566 574 3634 defupieus,
588 3568 691 3617 animum
699 3584 818 3632 uunquam
826 3576 985 3634 assumentem
992 3567 1128 3618 usblimr'bus
1136 3568 1242 3620 concilim

236 3661 260 3703 et
276 3655 443 3720 capitoliorum
461 3655 630 3722 mapnitudiue,
655 3656 745 3722 prodit.
786 3657 824 3704 Aa
842 3674 897 3706 uero
916 3674 968 3707 cum
990 3656 1071 3721 alioua
1091 3656 1243 3721 perturbatio

236 3744 348 3793 attonitos
364 3745 450 3809 capitis
468 3745 568 3810 spiritus
582 3744 696 3810 confudit,
720 3752 747 3794 ut
760 3746 815 3810 jam
834 3747 935 3795 ommium
953 3745 1106 3795 membrorum
1123 3763 1200 3796 uerus
1219 3756 1244 3797 et

237 3829 331 3879 vincula
352 3848 415 3897 oeqre
442 3833 587 3890 sustineant3
613 3842 661 3882 tum
683 3836 750 3884 acroi
767 3837 897 3900 praecipue,
923 3837 965 3899 qui
981 3853 1011 3884 ea
1029 3834 1143 3884 altissimo
1162 3835 1242 3898 capite

237 3920 390 3967 transversim
404 3921 429 3968 iu
444 3919 521 3969 oculos
534 3921 681 3980 descendunt,
705 3925 818 3972 viciniore
830 3923 890 3972 malo
904 3923 1020 3982 laborant,
1040 3931 1064 3972 et
1077 3923 1181 3972 crebrius
1196 3925 1241 3972 mi-

237 4003 344 4053 cantibus
362 4004 435 4055 oculis
451 4005 564 4055 occultum
580 4009 654 4056 animi
667 4009 770 4059 morbum
789 4010 860 4060 livido
880 4028 910 4060 ac
929 4012 990 4060 truci
1009 4018 1107 4075 assuctu
1124 4011 1237 4075 pinquat.

241 4093 278 4144 Et
286 4109 344 4144 vere
355 4093 471 4145 Achilles
483 4093 573 4146 Tutius
584 4095 627 4147 lib.
639 4098 663 4157 6,
678 4097 709 4148 de
720 4098 832 4164 clitoph.
844 4107 870 4149 et
883 4098 988 4164 Leucip.
997 4114 1074 4149 amor.
1089 4097 1102 4148 ὁ
1115 4099 1165 4164 γὰρ
1178 4100 1241 4157 νοῦς
