2798 4740
193 425 214 484 2
590 419 806 484 LECTORI.

195 604 314 667 intueri
336 603 424 668 velut
447 605 610 689 imagines,
633 614 672 668 ut
696 627 739 667 ex
764 603 875 667 alienis
897 602 989 667 factis
1013 604 1138 667 moneri
1163 626 1201 667 ac

196 713 311 774 ducere
334 712 429 777 officii
447 714 496 777 tui
515 714 650 777 formam
669 735 791 798 posses;
822 713 981 796 sciresque
1001 713 1090 775 inea
1106 722 1201 796 parte

195 842 260 883 non
284 830 318 883 te
341 822 490 906 primum,
514 844 579 886 non
599 831 632 884 te
654 823 757 885 solum
775 843 853 896 esse,
877 821 929 883 cui
942 821 1077 902 ingrata,
1100 821 1201 883 immo

196 939 230 993 et
245 953 350 993 amara
364 931 598 1014 superveniant,
618 931 708 1013 queis
725 930 840 993 fortem
855 929 996 992 animum
1010 952 1201 1012 opponeres.

262 1039 353 1103 Inter
365 1040 426 1102 alia
438 1041 514 1103 satis
526 1040 628 1102 multa
640 1040 743 1102 tristia
754 1039 950 1122 aliquamdiu
964 1061 1022 1122 per
1034 1037 1203 1122 Europam

198 1148 381 1212 dominatur
401 1150 567 1234 pernicies,
590 1158 692 1212 utres
708 1149 810 1225 docet,
833 1148 981 1232 proxima
995 1148 1201 1230 contagiosae,

199 1282 272 1343 quae
295 1282 354 1343 per
378 1270 521 1322 armenta
541 1281 669 1342 serpens
687 1268 720 1320 et
735 1267 804 1320 tum
820 1259 953 1334 stabula,
977 1269 1047 1320 tum
1070 1280 1201 1342 pascua,

197 1392 256 1454 per
272 1380 416 1433 aestatem
437 1371 536 1454 juxta
550 1378 583 1432 et
596 1368 745 1444 hiemem,
769 1369 809 1432 ad
824 1370 1028 1433 solitudinem
1041 1370 1201 1451 redigens,

200 1481 360 1544 subtrahit
381 1481 457 1543 huic
482 1480 599 1542 saeculo
624 1479 693 1542 illas
714 1479 798 1562 ipsas
822 1502 880 1563 per
897 1480 959 1542 alia
979 1480 1096 1542 saecula
1118 1481 1203 1543 solas

200 1589 324 1652 divitias
337 1589 471 1651 habitas,
508 1588 646 1651 Dubites
659 1610 699 1650 an
713 1588 885 1670 castigetur
896 1597 1020 1651 mutata
1030 1589 1202 1664 sententia,

201 1721 265 1782 qua
284 1721 397 1761 aurum
415 1708 448 1761 et
469 1708 636 1780 argentum
658 1697 692 1760 in
719 1719 828 1759 eorum
843 1698 943 1760 vicem
968 1697 1204 1781 subjecta-sunt

200 1833 236 1873 ac
259 1810 466 1873 foedissimam
488 1808 539 1871 his
564 1807 760 1890 temporibus
785 1807 871 1869 sitim
897 1806 947 1868 sui
973 1806 1204 1882 attribuerunt,

200 1941 314 1982 aurum
336 1918 528 2000 spirantibus
549 1939 584 1978 ac
609 1916 815 1998 loquentibus
836 1916 975 1991 urbanis,
998 1916 1147 1998 pecuaria
1167 1938 1203 1977 re

200 2025 326 2088 rusticis
353 2035 409 2087 aut
436 2024 535 2086 laneis
562 2024 726 2086 attributa.
786 2023 880 2086 Certe
908 2025 942 2086 in
970 2023 1020 2086 his
1047 2023 1139 2086 terris
1168 2023 1205 2085 id

201 2132 458 2216 experimur,'ut
481 2132 576 2194 modo
600 2132 691 2215 quasi
716 2132 750 2194 in
774 2131 886 2215 lupina
910 2132 998 2195 rabie
1023 2132 1203 2194 universam

200 2241 399 2325 pascentium
423 2239 584 2303 cohortem
607 2240 696 2302 brevi
719 2241 822 2323 spatio
843 2240 1016 2315 trucidans
1038 2262 1123 2302 nuno
1144 2261 1204 2322 per

201 2371 376 2434 paucorum
392 2349 535 2432 rapinam
556 2349 697 2411 delibans
716 2358 748 2411 et
762 2349 847 2411 intra
862 2349 1016 2430 exiguum
1032 2370 1204 2410 numerum

201 2480 347 2522 coercens
359 2458 475 2521 veneni
490 2459 539 2521 sui
556 2459 661 2520 tabem
676 2459 826 2534 discedat,
850 2459 896 2521 ita
910 2468 948 2521 ut
969 2459 1009 2520 ab
1031 2458 1204 2521 tribulibus

202 2577 236 2629 et
254 2568 401 2650 proxime
419 2567 528 2631 vicinis
551 2590 679 2650 quoque
702 2568 869 2629 abstineat.
917 2566 982 2629 Sed
1003 2566 1093 2649 quasi
1114 2566 1204 2628 volu·

201 2675 279 2737 isset
303 2687 478 2739 monstrare
503 2687 629 2738 tantum
656 2698 688 2737 se
709 2676 853 2755 grassari,
877 2697 942 2737 non
966 2676 1100 2738 discedit
1119 2676 1205 2739 bona

201 2782 276 2858 fide,
298 2804 357 2845 nec
377 2783 411 2844 in
435 2793 637 2866 perpetuum.
685 2782 788 2844 Immo
804 2783 894 2863 quasi
910 2783 1015 2845 omnia
1031 2784 1155 2866 integra
1170 2796 1206 2848 et

201 2890 302 2954 libera
326 2891 415 2956 velut
440 2892 481 2955 ad
508 2892 666 2976 quoddam
693 2890 859 2954 arbitrium
886 2893 1117 2967 reservavisset,
1147 2893 1207 2955 ubi

202 3000 309 3076 libuit,
332 3012 450 3083 praeter
471 3011 693 3083 exspectatum
719 3022 828 3062 rursus
852 3000 1039 3063 incumbens
1064 3010 1097 3062 et
1121 3011 1208 3062 atro-

204 3108 327 3171 cissime
342 3110 485 3183 saeviens,
505 3110 636 3171 eandem
651 3109 793 3191 reliquis,
814 3132 886 3191 quae
901 3132 1005 3192 nuper
1019 3109 1205 3192 reliquerat,

204 3226 340 3278 mortem
352 3215 459 3291 infert,
481 3216 525 3277 sic
541 3215 643 3278 deriso
658 3216 796 3292 mimico,
816 3217 903 3299 quod
917 3218 1085 3280 videbatur
1099 3218 1206 3280 indul-

204 3325 291 3401 sisse,
322 3325 536 3387 emolumento
566 3325 695 3401 domini,
732 3326 828 3388 etiam
861 3349 954 3389 carne
983 3328 1142 3390 maculosa
1172 3340 1206 3392 et

204 3434 329 3498 letifero
355 3457 435 3519 pure
462 3433 589 3497 infecta.
648 3434 700 3497 lta
727 3436 857 3519 quidem
882 3460 940 3519 per
965 3437 1046 3499 hanc
1075 3443 1208 3511 βουνόμην

206 3554 240 3607 et
256 3545 334 3608 adeo
354 3545 482 3607 mollem
506 3544 684 3628 planiciem,
708 3568 765 3628 per
781 3546 851 3609 hacc
871 3546 985 3610 litorea
1000 3569 1118 3629 pascua
1132 3547 1207 3610 bac-

206 3655 292 3718 chari
307 3657 342 3718 in
363 3656 600 3719 damnosissima
616 3666 719 3738 strage
736 3656 845 3739 coepit,
868 3678 933 3718 non
954 3656 1048 3718 simul
1061 3656 1207 3718 universa

205 3763 240 3825 in
265 3765 377 3827 eodem
401 3766 527 3828 climate
554 3766 737 3847 corripiens
765 3766 821 3828 sed
846 3765 880 3827 in
907 3775 1027 3827 tractus
1054 3766 1207 3848 quosdam

206 3871 295 3933 velut
318 3871 490 3934 destinatos
518 3872 594 3934 huic
619 3872 685 3934 fato
712 3882 746 3934 et
770 3873 856 3935 casui
881 3895 913 3934 se
938 3873 1108 3935 demittens
1134 3895 1207 3935 cum

205 3980 347 4065 plurium
367 3982 490 4063 gemitu
510 3991 543 4045 et
561 3981 678 4059 dolore,
702 3990 740 4044 ut
762 3989 869 4044 tamen
892 3981 1006 4044 deinde
1027 4005 1085 4065 per
1102 3981 1208 4045 omnia

207 4112 240 4153 se
256 4090 448 4172 exporrigat.
