2798 4740
275 1167 758 1236 IL-WERNSDORFII
793 1165 1021 1232 NOTITIA
1056 1167 1125 1232 DE

466 1350 677 1415 SEVERO
713 1350 931 1416 SANCTO.

555 1649 826 1660 -—-—-—.

199 1893 311 1992 Quor)
332 1908 367 1971 in
387 1908 503 1992 eclogis
522 1908 674 1972 bucolicis
694 1907 773 1970 mihi
793 1906 977 1970 faciundum
995 1905 1116 1990 putavi,
1146 1917 1195 1985 ut,

197 2041 270 2102 quae
293 2018 372 2081 falso
394 2019 549 2083 hactenus
574 2019 659 2081 inter
684 2015 891 2099 Calpurnium
912 2023 945 2079 ct
968 2015 1197 2081 Nemesianum

197 2129 304 2192 divisae
334 2139 450 2205 essent,
480 2129 538 2192 uni
569 2127 742 2212 Calpurnio
773 2126 882 2189 deberi
907 2126 1077 2202 vincerem,
1111 2125 1197 2188 idem

195 2236 275 2298 mihi
288 2236 354 2300 fere
368 2237 403 2298 in
418 2237 556 2300 carmine
573 2235 681 2299 Severi
698 2234 808 2298 Sancti
829 2233 944 2310 evenit,
969 2234 1059 2317 cujus
1074 2234 1196 2297 auctori

195 2344 231 2406 in
249 2343 359 2428 primis
383 2345 491 2408 statim
511 2345 704 2408 editionibus
725 2366 763 2407 ea
782 2342 911 2405 nomina
930 2342 1087 2405 attributa
1109 2353 1195 2419 sunt,

197 2473 270 2535 quae
294 2475 359 2515 non
385 2453 492 2530 unius,
523 2455 579 2517 sed
605 2454 741 2516 duorum
767 2450 1114 2533 diversissimorumque
1139 2450 1197 2515 ho-

196 2562 318 2624 minum
341 2585 419 2639 esse,
449 2561 571 2646 liquido
594 2572 701 2646 potest
724 2561 941 2625 demonstrari.
987 2559 1113 2623 Primus
1135 2561 1196 2639 hoc

197 2692 333 2748 carmen,
373 2673 413 2735 ab
452 2671 526 2736 Elia
560 2672 682 2736 Vineto
723 2680 899 2754 acceptum,
941 2670 1041 2733 edidit
1080 2669 1196 2735 Petrus

197 2779 357 2857 Pithoeus,
395 2803 468 2845 cum
501 2782 645 2845 Veterani
674 2781 796 2865 aliquot
829 2780 950 2844 Gallice
974 2780 1196 2866 Theoloporunc

195 2891 333 2973 scriptia,
384 2888 514 2954 Parisiis
563 2890 657 2967 1586,
702 2890 735 2966 4,
783 2889 843 2953 hac
880 2889 940 2952 sub
977 2891 1194 2974 inscriptione,

196 2999 316 3076 Soceri,
331 2999 483 3063 illatoris
499 3011 530 3064 ct
547 3011 651 3084 poeta
671 2999 846 3063 Christiani
860 3022 985 3063 carmen
998 3001 1194 3067 Bucolicum.

197 3107 289 3171 Idem
318 3109 426 3194 paullo
454 3119 529 3194 post
552 3110 680 3194 prodire
715 3109 811 3193 jussit
839 3110 873 3173 in
902 3109 1087 3174 collectione
1116 3109 1196 3194 Epi-

195 3222 408 3301 grammatum
437 3230 471 3282 et
501 3230 629 3303 poemat
629 3221 733 3284 iorum
754 3230 908 3297 veterum,
941 3219 1069 3283 Parisiis
1101 3220 1195 3297 1590,
1291 3245 1298 3256 ·

194 3327 376 3411 iterumque
406 3327 560 3411 Lugduni
591 3329 685 3405 1596,
722 3352 754 3414 p.
785 3329 861 3406 573,
893 3329 952 3392 ubi
988 3330 1033 3393 sic
1063 3330 1196 3414 inscrip-

195 3437 251 3499 sit:
285 3437 409 3522 Incipit
396 3439 569 3501 tCannen
591 3438 701 3502 Secari
723 3439 846 3515 Sancti,
870 3439 907 3501 id
927 3447 983 3515 est,
1006 3439 1197 3503 Endeleichi

195 3544 356 3622 illectionis,
396 3547 434 3609 de
476 3547 624 3609 mortibus
664 3548 760 3611 douln.
821 3546 1002 3630 Utramque
1036 3548 1196 3631 inscripti-

196 3675 290 3716 onem
313 3654 427 3718 deinde
450 3655 648 3739 repetierunt
672 3656 808 3719 editores
832 3655 1042 3719 Bibliothecae
1064 3656 1196 3740 Magnae

197 3761 342 3841 Petrum,
371 3764 423 3829 cui
448 3765 533 3826 idem
558 3786 685 3827 carmen
710 3765 866 3829 insertum
895 3775 953 3828 est.
998 3763 1061 3829 Est
1088 3777 1197 3831 autem

195 3872 360 3957 inscriptio
384 3896 403 3937 a
430 3873 561 3938 Pithoeo
583 3874 729 3959 praefixa,
760 3874 986 3959 sigillatimque
1009 3874 1197 3940 Endeleichi

195 4004 312 4046 nomen
331 3984 486 4060 additum,
512 3993 552 4047 ut
572 4005 615 4048 ex
637 3984 714 4068 ipsis
734 3984 853 4048 voculis
875 3984 911 4046 id
933 3993 979 4049 est
995 3985 1195 4069 intelligitur,

195 4113 260 4154 non
281 4115 323 4156 ex
347 4092 479 4176 antiquo
502 4093 620 4170 codice,
643 4094 699 4157 sed
726 4115 768 4157 ex
796 4092 929 4170 Pithoei,
953 4103 1010 4158 aut
1037 4093 1117 4157 alins
1140 4093 1196 4176 qui
