2798 4740
599 419 711 462 uorm.
814 425 816 429 ·
1114 404 1152 464 61

157 581 225 634 Vide
237 580 296 630 ibid.
311 595 380 643 seqq.
395 587 420 629 et
430 580 457 628 in
471 578 585 630 Romsvo
599 595 621 629 v.
631 581 688 630 586.
700 587 726 630 et
738 580 793 630 621.
832 580 872 629 De
884 580 955 643 signo
969 589 1051 632 sutem
1068 583 1156 634 Crucis

155 669 257 734 scripsit
274 668 400 720 Alionsus
415 667 595 720 Cissea-W.
629 668 670 718 De
685 667 773 720 Crucis
790 667 861 731 signo
878 668 918 718 vel
932 667 1018 733 figura,
1039 670 1062 719 si
1080 671 1156 723 homo

156 775 183 809 se
194 758 245 818 illd,
265 759 323 808 veris
333 758 359 806 in
375 757 503 809 Christum
518 756 663 807 crucifixum
674 756 732 815 fide,
749 755 839 819 signet,
856 763 920 806 esto.
949 757 1073 808 Athenas.
1093 768 1154 810 orat.

156 856 242 898 contra
255 854 342 909 gentes
356 846 395 897 tit.
407 861 425 895 1.
442 844 487 895 fol.
501 860 519 895 1.
534 848 608 895 πᾶσα
622 845 752 910 δαιμόνων
765 847 896 910 φαντασία
911 848 948 911 τῷ
962 849 1055 913 σημείῳ
1072 849 1156 915 τούτῳ

156 935 341 987 ἀπελαύνεται.
360 934 400 983 De
415 933 507 983 iucem.
522 933 610 993 Verbi,
627 933 687 983 ibid.
702 933 745 985 fol.
759 934 799 984 61.
820 937 858 1000 τῷ
872 936 966 1001 σημείῳ
982 940 1028 986 τοῦ
1044 941 1156 1003 στανροῦ

156 1031 230 1075 πᾶσα
247 1027 295 1091 μὲν
309 1024 403 1089 μαγεία
419 1023 538 1081 παύεται,
556 1025 629 1073 ττῖισα
645 1022 670 1074 δὲ
686 1025 829 1088 φαρμακεία
842 1029 1010 1091 καταργεῖται
1025 1033 1072 1075 etc.
1089 1025 1156 1079 Vide

156 1113 216 1163 ibid.
231 1111 275 1162 fol.
290 1113 330 1162 75.
359 1111 408 1160 Sed
423 1110 482 1170 dixi,
500 1111 521 1159 si
537 1111 594 1159 veri
608 1110 635 1159 in
651 1110 779 1161 Christum
793 1111 937 1161 crucifixum
951 1111 1009 1162 fide.
1048 1113 1112 1163 Nam
1127 1122 1156 1165 ut

155 1202 221 1265 apud
232 1201 305 1250 eund.
322 1199 452 1250 Antonius
464 1199 490 1247 in
500 1215 544 1247 sua
552 1199 603 1248 vita
615 1202 725 1265 σφραγὶς
736 1199 800 1265 ἡμῖν
811 1203 853 1250 καὶ
866 1205 955 1266 τοῖχος
966 1201 1002 1260 εἰς
1013 1201 1157 1267 ἀσφάλειαν

157 1290 220 1351 ὴείς
229 1292 277 1339 τὸν
290 1288 386 1352 Κύριον
399 1289 472 1352 ἡμῶν
490 1289 584 1346 πίστις.
625 1287 794 1338 Sicutrecens
811 1287 869 1338 em.
881 1305 901 1338 s.
922 1289 1008 1339 codice
1023 1289 1101 1340 edidit
1117 1289 1156 1341 Cl.

159 1376 316 1426 Haschelius
335 1391 391 1438 pag.
412 1376 449 1425 17.
469 1390 525 1423 cum
546 1383 618 1424 vetus
637 1373 697 1424 aliis
715 1375 889 1438 interpretatio
908 1384 968 1425 tom.
990 1377 1014 1425 2.
1035 1375 1154 1428 101447.

159 1466 260 1531 Siquam
272 1464 366 1522 Crucis,
383 1471 405 1512 et
415 1463 481 1525 fides
492 1462 525 1511 ad
534 1462 664 1512 Dominum
675 1462 864 1528 iaerpapnabilis
874 1464 941 1513 scobis
951 1481 1032 1514 mamas
1043 1473 1085 1515 est.
1118 1466 1157 1517 At

156 1556 210 1604 sine
227 1554 284 1612 fide,
305 1552 359 1603 sola
373 1551 461 1603 Crucis
477 1550 555 1614 figura
574 1550 713 1614 periculum
730 1550 812 1600 facere
832 1567 986 1615 nequaquam
1003 1553 1043 1602 vel
1060 1553 1157 1603 homini

156 1651 253 1702 tutum;
282 1649 311 1690 ut
328 1647 453 1703 expertus,
479 1638 520 1687 cui
540 1638 699 1687 occidebatur
719 1654 804 1687 versus
823 1638 883 1689 iste:
920 1639 1007 1704 Sipus,
1033 1648 1054 1689 te
1073 1642 1155 1706 siqua,-

155 1728 238 1778 temerd
248 1745 283 1777 me
298 1729 376 1793 tanyis
390 1735 412 1776 et
423 1728 499 1791 arpis.
540 1725 608 1785 Quid
619 1734 703 1775 autem
720 1726 808 1777 Crucis
820 1727 917 1790 signum
929 1727 960 1776 ad
971 1728 1055 1787 boves,
1073 1729 1157 1779 etalio

156 1815 271 1865 animalia
288 1815 377 1865 bruta?
402 1817 438 1879 μὴ
457 1819 510 1864 τῶν
529 1814 601 1877 βοῶν
617 1814 686 1880 μέλει
704 1817 741 1879 τῷ
756 1817 820 1880 &eph
844 1816 911 1878 quod
927 1816 992 1865 haud
1007 1815 1091 1880 inepte
1107 1817 1157 1866 huc

156 1902 336 1960 accommodes,
354 1900 367 1952 e'
379 1917 397 1950 1.
421 1902 479 1953 Cor.
493 1903 516 1951 9.
531 1902 555 1951 6.
577 1901 650 1950 Mera
661 1900 737 1965 igitur
749 1917 795 1950 nec
810 1918 898 1966 expers
912 1919 1006 1967 magnae
1019 1904 1156 1968 impietatis

156 1991 301 2055 superstitio
320 1999 367 2047 est,
391 1990 467 2040 boum
488 1990 527 2038 vel
550 1990 672 2053 pecudum
691 1991 796 2040 salutem
817 2007 849 2040 ex
870 1993 976 2044 articulo
995 1994 1156 2046 redemtionis

156 2079 285 2128 deducere.
326 2078 400 2138 Quod
415 2078 482 2127 enim
498 2078 565 2128 Psal.
579 2081 619 2128 36.
635 2083 657 2130 7.
672 2079 772 2130 dicitur:
797 2080 1024 2132 Jamentasoloabis
1039 2083 1155 2143 Domine,-

156 2166 182 2214 id
199 2182 249 2216 non
266 2164 314 2214 nisi
332 2166 362 2214 de
380 2165 536 2229 providentiis
552 2175 578 2215 et
592 2167 781 2217 conservatione
798 2167 982 2231 accipiendum:
1008 2167 1058 2233 qud
1074 2180 1100 2221 et
1115 2171 1157 2221 ille

155 2254 281 2318 pertinent
295 2254 339 2303 Ps.
355 2255 409 2304 104.
424 2255 461 2303 14.
477 2254 520 2304 Ps.
537 2256 590 2305 147.
605 2258 628 2305 9.
649 2255 743 2306 Matth.
758 2259 781 2306 6.
796 2257 836 2307 26.
851 2257 962 2308 etc-S.

206 2413 290 2464 Vsus.
310 2411 508 2462 ilO.-Seberus
522 2412 553 2461 ad
567 2412 631 2462 haec:
663 2413 731 2473 Quid
744 2421 820 2462 autem
834 2417 911 2464 crucis
926 2417 1019 2480 siquam
1033 2417 1066 2466 od
1080 2417 1155 2478 boues,

156 2500 458 2550 etaliaanimaliobruta?
479 2503 516 2567 μὴ
535 2506 588 2551 τῶν
605 2501 678 2566 βοῶν
696 2501 765 2567 μέλει
783 2504 821 2567 τῷ
836 2505 902 2567 Osp53
926 2503 990 2566 quod
1002 2504 1068 2554 haud
1080 2507 1157 2570 inepte
1218 2490 1220 2492 l

155 2588 200 2638 lruc
215 2589 370 2639 accommodes
385 2606 415 2638 er
429 2607 442 2637 1
464 2589 520 2639 Cor.
535 2589 589 2648 IX,
607 2592 629 2639 9.
665 2589 739 2638 Mera
754 2591 835 2655 ipitur,
852 2607 894 2639 nec
908 2607 993 2655 expers
1007 2609 1097 2657 unaque
1111 2595 1156 2643 im-

151 2679 249 2743 pietatis
262 2680 397 2743 superstitio
415 2686 456 2738 est,
479 2677 546 2728 boum
560 2678 597 2728 oel
607 2677 724 2742 pecudum
737 2677 833 2727 salutem
849 2696 879 2728 er
895 2679 993 2730 articulo
1009 2681 1155 2733 redemtionis

156 2765 424 2816 deducere-Wanrvs.

205 2926 289 2979 Vens.
312 2925 445 2976 lle-sic
457 2924 609 2988 interpretor
621 2933 757 2990 propterea,
775 2926 841 2989 quod
857 2926 928 2976 Deus
943 2928 986 2978 illc
1000 2929 1044 2981 Ιιοο
1057 2933 1155 2992 nomiae,

155 3014 201 3064 hac
215 3030 249 3074 re,
267 3030 357 3078 nempe
372 3014 452 3063 salute
467 3013 554 3073 dando,
569 3021 704 3078 prepotens
716 3022 762 3074 est,
779 3014 838 3064 hinc
849 3017 964 3067 vocitatus
978 3026 1013 3068 est
1032 3019 1156 3080 Salvator,

155 3101 265 3165 Ἰησοῦς,
287 3105 384 3169 Σωτὴρ.
421 3102 471 3152 Sed
484 3101 591 3152 fortasse
602 3116 648 3165 pro
659 3102 694 3150 sic
708 3101 840 3166 legendum
853 3110 893 3154 est
903 3105 932 3163 si,
949 3104 998 3156 hoc
1010 3121 1099 3157 sensu:
1127 3108 1155 3160 si

156 3208 214 3242 vero
227 3192 298 3241 Deus
311 3192 432 3251 Salvator,
449 3192 497 3242 hoc
508 3191 610 3241 nomine
620 3199 770 3256 praepoteus,
786 3194 910 3252 vocitatas,
926 3193 951 3242 h.
964 3193 1094 3246 invocatus
1105 3205 1155 3258 est,-

156 3281 222 3345 fugit
239 3282 365 3341 continuo,
384 3289 431 3330 cet.
470 3280 548 3330 Plane
567 3280 638 3330 aliter
651 3280 785 3333 Vonckius
800 3281 828 3341 in
846 3281 919 3332 Lect.
940 3283 997 3333 Lat.
1011 3283 1055 3335 lib.
1076 3285 1112 3345 II,
1129 3301 1155 3349 p.

158 3371 212 3429 134,
236 3371 279 3433 qui
298 3376 379 3434 putut,
401 3369 487 3433 inepte
507 3369 581 3418 verba
600 3367 675 3432 hujus
695 3384 789 3427 versus,
809 3370 880 3432 quasi
899 3371 973 3421 unius
991 3373 1079 3423 rustici
1097 3374 1156 3433 sint,

156 3456 280 3516 connecti,
298 3472 374 3520 quum
386 3456 436 3506 duo
446 3456 588 3518 loquantur.
623 3454 704 3518 Igitur
715 3455 750 3504 sic
762 3456 889 3506 emendat:
917 3457 1005 3509 BUC.
1028 3459 1070 3509 Sic
1082 3466 1157 3511 vero?

159 3545 236 3595 TIT.
256 3545 329 3595 Deus
340 3545 388 3596 hoc
407 3545 457 3609 (vel
471 3543 526 3605 hic)
544 3543 645 3592 numine
660 3550 801 3605 praepotens
816 3542 929 3593 Salvator
939 3545 1063 3595 vocitatus
1075 3555 1158 3598 est.-

160 3633 270 3683 Wsaus.

207 3793 292 3847 Vens.
315 3790 542 3855 liz-Saloatum]
558 3789 672 3851 Ἰησοῦς,
693 3790 791 3854 Σωτήρ.
820 3788 909 3851 Aliqui
928 3788 1045 3840 Servatur
1061 3792 1158 3844 midunt

156 3882 246 3941 dicere,
264 3882 308 3931 sed
323 3879 400 3930 maie:
422 3887 451 3930 ut
465 3879 619 3928 demonstrat
634 3878 730 3940 Dausq.
752 3877 778 3925 in
795 3885 847 3927 not.
865 3878 895 3927 ad
914 3878 991 3928 Basil.
1013 3879 1110 3930 Seleuc.
1130 3897 1154 3944 p.

156 3969 262 4022 st-S.

207 4133 291 4184 Vitas.
313 4128 497 4179 lit-Mortis
520 4126 554 4176 aii
574 4124 661 4192 licuit]
690 4125 716 4174 id
739 4133 785 4183 est,
810 4125 847 4175 nil
870 4127 968 4176 valuere
987 4127 1080 4189 morbi;
1108 4129 1157 4179 vim

154 4235 257 4270 exerere
269 4229 295 4271 et
306 4233 420 4270 exercere
433 4233 501 4268 suam
515 4232 565 4266 non
578 4215 801 4279 potuerunt-W.
