2798 4740
223 409 266 472 30
540 406 713 473 SEVERI
738 405 909 473 SANCTI

352 641 448 707 Nunc
464 642 553 726 lapsa
565 642 695 727 penitus
710 664 782 727 spes
795 645 864 728 opis
879 655 927 708 ost
942 667 1034 720 meae,

351 773 408 852 Et,
430 774 545 859 longus
559 776 685 860 peperit
700 798 773 860 quae
788 777 878 841 labor
894 778 1042 842 omnibus

351 907 440 974 Vitae
456 909 663 994 temporibus,
686 911 811 995 perdita
825 912 935 977 biduo.

611 1043 730 1108 Cursus
746 1054 812 1107 tam
827 1046 909 1109 citus
925 1057 973 1110 est
987 1047 1088 1111 malis.
1161 1051 1207 1113 20

243 1249 322 1315 AEo.
352 1248 435 1315 Haec
452 1253 521 1337 jam
535 1250 603 1314 dira
616 1249 686 1315 lues
702 1272 827 1335 serpere
843 1251 970 1316 dicitur.

351 1383 481 1450 Pridem
497 1366 707 1463 Pannonicos,
731 1385 876 1469 Illyricos
892 1408 1021 1470 quoque

350 1518 397 1584 Et
412 1519 528 1604 Belgas
542 1520 680 1603 graviter
693 1520 813 1597 stravit,
838 1531 871 1584 et
886 1521 985 1604 impio

611 1652 716 1717 Cursu
730 1674 788 1715 nos
804 1674 932 1736 quoque
947 1674 1035 1716 nuno
1050 1652 1145 1735 petit.

351 1856 416 1922 Sed
431 1867 479 1935 tu,
501 1858 559 1943 qui
573 1859 685 1923 solitus
700 1858 794 1923 nbsse
809 1858 988 1925 salubribus
1158 1860 1203 1926 25

351 1990 460 2056 Suoois
474 1991 648 2075 penrioiem
662 1991 781 2075 pellere
795 1992 937 2069 noxiam,

351 2124 417 2189 Cur
431 2146 498 2190 non
513 2125 701 2211 anticipans,
724 2148 798 2210 quae
814 2125 988 2192 metuenda
1002 2136 1089 2202 sunt,

610 2258 760 2326 admosti
773 2259 911 2326 medicas
925 2262 1059 2324 manus?

242 2464 326 2532 Boc.
351 2464 449 2530 Tanti
460 2464 549 2531 nulla
562 2475 668 2531 metus
682 2467 790 2550 pervia
805 2467 895 2550 signa
909 2475 996 2545 sunt,

350 2601 415 2666 Sed
429 2602 516 2687 quod
530 2602 673 2688 corripit,
695 2601 729 2665 id
743 2601 873 2666 morbus
888 2611 922 2665 et
937 2601 1103 2686 opprimit3
1156 2602 1202 2666 30
1279 2656 1285 2664 .

349 2734 420 2800 Nec
433 2735 585 2819 languere
600 2735 688 2811 sinit,
711 2755 770 2799 nec
785 2735 909 2818 patitur
922 2757 1044 2803 moras:

611 2867 664 2933 Sic
678 2889 763 2933 mors
776 2876 851 2934 ante
865 2867 953 2933 luem
966 2870 1065 2936 venit.

350 3073 507 3139 Plaustris
521 3073 724 3141 subdideram
737 3074 834 3140 fortia
847 3097 980 3161 corpora

350 3208 535 3286 Lectorum,
556 3208 662 3274 studio
677 3231 742 3293 quo
756 3211 860 3294 potui,
881 3212 996 3290 boum;

350 3341 453 3410 Queis
466 3342 583 3409 mentis
597 3342 734 3428 geminae
749 3367 886 3410 consona
901 3346 1027 3412 tinnulo
1157 3348 1202 3412 35

610 3477 777 3545 concentu
788 3481 997 3566 crepitacula3

350 3683 445 3750 AEtas
461 3685 643 3764 consimilis,
665 3698 809 3772 saetaque
824 3689 981 3767 concolor,

350 3817 568 3884 Mansuetudo
583 3819 704 3898 eadem,
727 3822 825 3887 robur
839 3823 925 3887 idem
938 3823 1013 3902 fuit,

350 3953 396 4017 Et
410 3954 522 4032 fatum,
545 3955 650 4020 medio
665 3977 739 4019 nam
753 3957 819 4021 ruit
835 3980 949 4041 aggere
982 4025 987 4033 ,

609 4089 671 4153 Par
686 4090 804 4156 victum
818 4092 912 4175 parili
927 4115 1014 4156 neco.
1158 4092 1202 4155 40
