2798 4740
191 437 213 500 4
587 432 802 498 LECTORI.

170 611 301 706 ¹topere
332 621 467 685 faventis
501 621 572 683 Jac.
605 620 779 703 Bonqarsii
810 589 1008 698 benignitate
1044 612 1193 696 primitus

190 731 288 794 oculis
304 731 368 794 suis
382 731 441 793 hos
451 729 632 805 versiculos
650 751 729 812 quos
744 738 778 790 et
791 727 895 789 indice
911 735 944 788 et
958 726 992 786 in
1003 724 1192 808 praefatione

164 904 166 907 ,
190 839 273 902 etin
294 840 379 902 notis
395 839 493 902 afficit
507 838 720 924 appellatione
741 838 898 900 Carminis
913 835 1071 910 Bucolici,
1096 856 1193 916 quam

188 947 235 1010 illi
249 948 337 1010 dedit
350 947 495 1010 Pithaeus
510 947 544 1009 in
555 947 658 1009 indice
671 947 740 1008 istis
752 942 1044 1029 Epigrammatibus
1056 942 1192 1025 praefixo

187 1056 356 1139 utriusque
392 1055 550 1132 editionis,
590 1055 799 1138 usurpavisse.
864 1053 949 1118 Quae
984 1074 1060 1114 sane
1095 1051 1192 1113 verba

189 1163 304 1226 docent
318 1164 358 1226 ab
380 1165 422 1226 W
418 1166 511 1227 eitzio
526 1173 559 1226 et
573 1185 631 1247 pro
646 1163 811 1226 rarissimis
825 1162 951 1225 habitos
966 1160 1074 1236 fuisse,
1098 1171 1131 1222 et
1152 1161 1191 1222 de

187 1271 250 1334 illis
261 1272 342 1335 nihil
357 1273 444 1335 aliud
458 1273 632 1355 cognitum,
657 1295 752 1355 quam
768 1280 841 1334 ante
857 1271 890 1333 id
904 1281 1031 1353 tempus
1047 1270 1192 1332 extitisse

188 1391 314 1445 tantum
334 1383 369 1445 in
384 1383 444 1445 hac
468 1383 606 1444 editione
623 1380 703 1444 Ant.
722 1380 856 1443 Candidi
880 1402 963 1442 anno
988 1379 1082 1454 1596,
1106 1378 1192 1440 unde

189 1491 380 1574 descriptam
395 1490 570 1554 exhibebat
587 1491 722 1574 primam
743 1499 862 1564 notam,
887 1489 963 1550 satis
982 1487 1078 1549 inerti
1098 1486 1192 1550 modo

188 1599 256 1662 sine
275 1599 342 1662 ulla
364 1600 525 1662 mentione
547 1599 637 1662 Petri
662 1599 791 1675 Pithaei,
821 1599 876 1682 qui
903 1597 1070 1663 fasiculum
1093 1597 1193 1659 istum

189 1691 453 1790 epigrammatum
477 1709 517 1771 ab
542 1708 684 1771 Candido
706 1718 782 1771 tunc
804 1708 971 1782 editorum,
1002 1729 1067 1769 non
1089 1707 1193 1789 prima

187 1817 266 1894 vice,
293 1818 349 1880 sed
368 1840 410 1881 ex
430 1818 645 1881 antecedentis
661 1817 808 1880 editionis
824 1816 971 1898 exemplo
986 1837 1051 1877 non
1066 1825 1192 1877 tantum

187 1922 367 2008 collegerat,
391 1927 447 1988 scd
460 1925 585 1988 fortasis
601 1926 698 1987 etiam
713 1925 835 1987 edendo
850 1923 1033 2006 praefuerat,
1058 1932 1091 1985 et
1105 1923 1191 1986 solus

186 2033 322 2116 primam
352 2034 524 2096 editionem
554 2044 727 2108 curaverat,
763 2033 798 2094 in
828 2034 918 2116 eujus
945 2034 1029 2095 notis
1051 2032 1112 2096 Vir
1138 2033 1191 2095 ille

187 2127 328 2205 summus
344 2142 488 2205 debitum
502 2143 586 2224 grati
601 2143 697 2204 animi
712 2141 864 2204 indicium
878 2142 1014 2224 protulit
1029 2163 1103 2223 erga
1118 2141 1192 2203 doc-

186 2251 344 2314 tissimum
360 2238 466 2313 Eliam
480 2250 637 2314 Vinctum
654 2250 838 2326 Santonem,
861 2250 946 2312 unde
963 2258 1137 2332 acceperat.

252 2359 314 2421 Est
329 2360 414 2422 enim
430 2369 515 2422 certe
531 2382 630 2443 penes
651 2381 702 2421 me
721 2359 818 2421 editio
835 2359 927 2442 plicae
949 2359 1090 2434 minoriS,
1116 2381 1189 2441 quae

187 2468 222 2530 in
239 2468 344 2531 fronte
359 2468 482 2552 profert
505 2467 667 2531 “Parisiis
688 2469 774 2552 apud
789 2467 960 2531 Nicolaum
978 2468 1123 2544 Gillium,
1140 2469 1192 2531 via

25 2639 30 2652 ,
75 2642 79 2648 ,
188 2576 222 2640 S.
253 2576 385 2640 Joannis
411 2577 645 2654 Laterauensis,
677 2579 737 2642 sub
760 2579 858 2642 trium
882 2578 1077 2642 Coronarum
1100 2579 1190 2660 signo

187 2684 444 2748 MDLXXXX
468 2709 541 2749 cum
564 2687 729 2769 privilegio
737 2686 753 2710 '⁹
779 2688 869 2770 cujus
889 2687 1046 2770 privilegii
1067 2709 1191 2749 summa

187 2792 227 2855 ab
255 2803 344 2875 tergo
367 2794 493 2876 paginae
517 2816 643 2856 annexa
670 2803 728 2855 est.
788 2793 853 2856 Sed
878 2794 913 2854 in
935 2794 999 2856 fine
1026 2816 1099 2876 pag.
1124 2794 1185 2857 491
1287 2877 1290 2882 Ι

186 2900 302 2964 adsunt
315 2902 386 2964 haec
405 2900 576 2965 “Parisiis
622 2902 815 2964 Excudebat
831 2901 1005 2985 Dionysius
1021 2901 1189 2965 Duvallius

185 3011 405 3094 typographus
420 3032 502 3074 auno
519 3011 650 3073 Domini
672 3011 838 3074 millesimo
860 3011 1114 3093 quingentesimo
1137 3036 1189 3076 oo-

185 3120 362 3200 tuagesimo
396 3141 492 3194 nono,
530 3140 639 3181 mense
677 3118 860 3201 Septembri
869 3118 885 3143 ”
929 3119 1045 3203 Itaque
1073 3121 1188 3184 horum

186 3226 322 3289 duorum
336 3226 465 3289 nomina
481 3227 705 3308 exprimuntur
720 3226 816 3288 etiam
830 3227 864 3288 in
881 3227 1056 3310 privilegio.
1103 3229 1188 3292 Tum

179 3337 336 3400 ,successit
366 3336 466 3399 altera
495 3335 592 3398 editio
622 3333 758 3398 Antonii
795 3334 939 3413 Candidi,
976 3339 1065 3421 cujus
1095 3347 1189 3421 typo-

103 3455 111 3470 '
185 3445 319 3529 graphia
347 3446 380 3507 id
412 3444 546 3528 perfecit
578 3443 739 3526 Lugduni,
779 3469 878 3529 quum
913 3447 947 3508 in
981 3446 1086 3509 fronte
1119 3448 1188 3530 ipsa

184 3556 324 3638 positum
339 3554 381 3616 sit
396 3554 483 3638 opud
495 3554 645 3617 Iacobum
665 3554 782 3616 Clamet
796 3555 908 3616 MDX
914 3555 1000 3617 CVI.

250 3664 333 3727 Haec
355 3664 454 3749 igitur
481 3663 525 3726 sic
549 3663 744 3746 aliquamdiu
768 3663 878 3727 relicta
898 3673 984 3741 sunt,
1012 3674 1050 3727 ut
1073 3686 1187 3746 parum

184 3774 349 3855 potuerint
372 3774 413 3836 ad
439 3773 728 3835 melioremrlucem
753 3773 941 3855 promoveri.
994 3771 1089 3835 Certe
1111 3773 1186 3835 hinc

184 3891 243 3959 est,
271 3881 358 3963 quod
377 3881 526 3943 Eximius
543 3881 597 3942 ille
614 3882 791 3944 studiorum
810 3882 952 3944 omnium
977 3863 1132 3944 scrutator
1154 3892 1188 3944 et

184 3989 311 4072 adjutor
328 3988 513 4051 Gerhardus
527 3988 549 4050 J
549 3989 688 4051 ohannes
703 3989 837 4053 Vossius
855 3990 890 4050 in
910 4011 1005 4072 opere
1020 3990 1059 4052 de
1076 3988 1186 4051 Poetis

184 4097 319 4173 latinis,
361 4121 460 4182 quum
494 4092 689 4181 pervenisset
729 4100 769 4162 ad
808 4109 951 4162 extrema
985 4098 1186 4162 Constantini
