2798 4740
243 418 286 481 48
684 433 796 478 noun.

245 599 353 650 Severus
363 599 439 663 igitur
449 596 530 648 bobus
541 596 610 646 hisce
621 604 707 646 mentes
719 597 825 662 peninar
836 595 933 656 tribuit,
950 594 975 645 h.
990 611 1013 646 e.
1030 608 1115 660 parem
1127 596 1251 658 indolem,

243 695 273 737 ut
286 694 375 737 osstera
388 685 464 751 paria,
481 700 591 735 consona
603 683 761 749 crepitacula,
778 691 876 734 aetatem
889 682 1054 743 consimilem,
1071 690 1120 733 oet.
1158 683 1249 735 Etiam

244 776 387 836 Vonckius,
402 775 421 825 l.
434 791 465 835 o,
481 774 615 839 legendum
627 782 714 825 censet
724 775 779 839 quis
789 781 875 824 mentes
883 773 1139 840 qemiuoe.-Wuans.

294 949 380 1006 Vsus.
392 950 625 1017 36.-0repaacata
639 966 685 1016 pro
701 949 876 1001 tintinnabulis
890 948 984 1014 posuit,
1007 963 1063 1013 quse
1078 956 1163 1013 aptare
1178 948 1249 999 collo

241 1053 360 1103 pecorum
377 1039 491 1089 solebant
506 1047 627 1102 pastores,
644 1054 696 1088 uon
712 1038 803 1097 solum,
822 1038 889 1102 qaod
904 1052 990 1087 eorum
1005 1052 1069 1087 sono
1082 1051 1173 1100 peoora
1188 1036 1249 1086 duci

241 1127 383 1187 eredebant,
406 1127 450 1177 sed
468 1127 552 1186 edam,
578 1142 628 1191 quo
647 1126 755 1186 facilius,
778 1142 828 1190 quo
844 1125 901 1176 loco
920 1125 1071 1184 oberrarent,
1094 1124 1249 1188 deprehendi

241 1222 336 1279 posset.
374 1214 409 1268 V.
428 1214 501 1264 Hier.
517 1213 619 1277 Magius
634 1213 665 1263 de
680 1213 737 1264 tint.
756 1229 809 1277 cup.
824 1214 849 1284 8.
873 1212 996 1263 Paulinus
1014 1212 1100 1263 Natali
1119 1212 1163 1266 VI
1183 1212 1244 1263 Fel:

247 1303 282 1354 Ut
288 1305 409 1370 presepia
419 1303 479 1353 vidit
489 1302 565 1352 Nuda
576 1302 652 1361 boum,
669 1309 692 1351 et
702 1300 777 1351 nullos
786 1302 843 1351 dare
855 1299 1011 1350 tintinnabula
1018 1299 1113 1366 palens,
1130 1299 1249 1350 Excussa

240 1400 268 1442 at
281 1391 450 1442 cavtoetoum
464 1392 581 1457 crepitare
593 1390 706 1440 solebant.
741 1388 827 1441 Sidon.
846 1388 935 1453 Apoll.
951 1389 995 1439 lib.
1014 1404 1043 1448 11,
1066 1404 1106 1453 ep.
1121 1390 1150 1439 2:
1176 1389 1247 1439 Inter

238 1499 323 1548 propes
336 1481 488 1531 tinnibulatos
500 1498 547 1546 per
559 1480 658 1546 depasta
673 1479 755 1530 buceta
767 1479 896 1528 reboantes.
934 1478 1020 1528 Etiam
1036 1478 1063 1527 in
1077 1478 1136 1541 equi
1151 1476 1246 1543 jugalis

241 1571 307 1621 eollo
316 1569 483 1621 tintinnabula
490 1569 606 1619 visuntur
615 1568 642 1618 in
650 1561 814 1618 monumento
825 1567 980 1620 columbarii
990 1567 1078 1627 Liviae,
1091 1566 1141 1617 tab.
1156 1565 1247 1617 XI.-

244 1659 355 1709 Wnans.

290 1834 376 1889 Vnus,
389 1834 582 1900 37.-Soetaque
592 1833 722 1900 amota]
744 1830 865 1883 Phtedrus
877 1831 927 1882 fab.
940 1832 981 1882 52
1011 1831 1070 1883 Νοιι
1080 1831 1246 1882 amaverim

239 1940 334 1989 mapsa,
350 1930 373 1972 et
380 1940 430 1989 par
440 1930 475 1972 est
486 1921 635 1972 colon-W.

290 2073 376 2128 Vnus.
390 2072 625 2124 dsspMamuetado
640 2071 741 2138 eadm]
762 2071 881 2136 Oppisno
892 2072 916 2122 2.
940 2057 1062 2136 Cyneget.
1076 2085 1100 2120 v.
1112 2071 1152 2121 82
1174 2071 1244 2131 ἤπια

239 2160 265 2212 δὲ
283 2161 428 2227 φρονέουσι,
451 2162 494 2210 καὶ
514 2159 623 2221 sidonios
641 2160 787 2226 μερόπεσσι.
832 2160 934 2211 Lucret.
957 2159 1001 2208 lib.
1022 2159 1046 2207 3.
1073 2174 1097 2207 v.
1117 2158 1173 2207 303.
1207 2156 1245 2206 At

237 2256 325 2298 natura
336 2248 403 2298 boam
411 2247 506 2314 placido
517 2249 593 2312 maqs's
603 2250 658 2298 adra
669 2249 728 2297 vivit
731 2273 741 2307 ,-
768 2247 822 2299 Nec
830 2249 900 2297 ιιίιιιίε
908 2249 957 2297 irai
963 2249 1018 2313 saa
1027 2263 1136 2312 umquam
1146 2245 1244 2296 subdita

234 2336 314 2400 percit
327 2335 437 2396 dltms'da,
453 2335 592 2402 sufflandum
606 2352 673 2386 caca
688 2335 797 2401 calipinis
812 2335 914 2385 umbras.
951 2335 997 2385 An
1013 2340 1156 2384 mansuetos
1172 2333 1243 2393 dicit,

237 2440 297 2488 quoa
305 2425 379 2489 juvat
389 2441 447 2474 asna
458 2425 549 2474 aratri?
587 2423 732 2474 Detrectant
744 2426 825 2490 pressi
835 2441 888 2473 nam
897 2425 962 2490 jaqa
970 2425 1051 2491 prima
1062 2424 1138 2474 boves.
1160 2423 1238 2475 Ovid.

237 2525 256 2560 1.
274 2527 351 2563 amor.
364 2513 388 2562 2
410 2512 502 2564 Weita.
517 2512 658 2575 Patientia;
681 2513 712 2562 de
724 2529 773 2576 quo
787 2513 863 2564 Ovid.
880 2512 926 2562 Tr.
938 2515 963 2563 5.
976 2516 1000 2564 4.

473 2639 576 2692 limpore
587 2638 690 2680 writola
702 2639 787 2692 patiens
793 2639 824 2691 flt
836 2642 914 2681 taurus
924 2639 1007 2681 aratri.

237 2759 310 2821 Nam,
328 2761 396 2827 quod
406 2762 523 2827 Propert.
535 2763 579 2814 lib.
592 2765 617 2813 2
636 2763 699 2827 eleg.
711 2765 736 2814 3.
755 2771 862 2815 testatur

482 2912 559 2926 --
572 2893 652 2936 Ρνίιιιὸ
663 2897 741 2936 taam
754 2893 860 2936 detrectat
872 2897 965 2936 aratra:

484 2967 542 3010 Post
554 2969 612 3010 aaut
624 2971 710 3011 σιιιισῑσ
722 2969 794 3010 mattis
806 2969 836 3009 ad
849 2980 907 3010 arva
914 2969 977 3021 japo.

238 3087 349 3155 Indeque
363 3089 405 3139 hic
418 3106 483 3141 vers.
499 3093 540 3142 46.
567 3092 657 3142 AEetas
672 3110 739 3173 quern
753 3093 876 3145 domitum
891 3092 985 3143 viderat
999 3091 1148 3143 altera-S.
1185 3091 1238 3140 Per

234 3177 451 3226 mansuetudinem
468 3177 588 3241 intelligit
605 3178 752 3241 patientiam
771 3178 827 3245 jugi
845 3188 871 3231 et
885 3179 987 3230 laboris.
1024 3179 1140 3243 Propert.
1159 3194 1189 3238 11,
1212 3181 1237 3238 3,

234 3262 279 3312 47:
312 3261 398 3312 Primo
414 3271 499 3313 taurus
515 3263 628 3315 detrectat
646 3273 739 3326 aratra,
762 3266 826 3317 Post
842 3269 907 3318 venit
923 3275 1017 3318 assueto
1033 3266 1109 3318 atollis
1124 3265 1160 3316 ad
1175 3282 1238 3317 arva

226 3350 443 3417 japo-Wrans.

284 3528 369 3582 Vana.
382 3528 539 3581 tta-Mean
552 3531 660 3598 appara]
683 3531 771 3596 Agger
785 3547 832 3598 pro
848 3531 932 3583 sulco:
957 3531 994 3581 ita
1007 3539 1036 3582 ut
1049 3531 1207 3597 ἐπεξὴγησις
1223 3530 1240 3582 el

233 3632 303 3682 seqq.
322 3618 356 3669 sit
368 3619 483 3683 petenda.
500 3619 557 3670 vide
574 3619 620 3670 inf.
637 3619 669 3670 ad
684 3636 708 3671 v.
722 3621 841 3673 ta-W.
877 3621 1024 3685 Legendum
1040 3620 1147 3681 videtur,
1163 3620 1238 3671 robur

230 3707 291 3757 idem
299 3709 361 3774 fait.
397 3709 455 3759 Heu
464 3710 564 3775 statam!
604 3708 733 3763 HEVM.
771 3710 900 3774 Aggerem
917 3710 966 3760 hoc
983 3710 1041 3760 loeo
1057 3725 1109 3760 non
1128 3708 1237 3770 sulcum,

231 3795 276 3844 sed
283 3795 349 3845 viam
360 3803 463 3847 stratam
474 3804 501 3846 et
511 3797 637 3860 publicam
648 3804 743 3857 notare,
759 3797 874 3848 observat
886 3797 1082 3860 Cannegieterus
1094 3796 1125 3846 ad
1138 3795 1234 3847 Avian.

230 3883 282 3934 fab.
297 3885 335 3935 17.
353 3901 378 3948 p.
396 3885 448 3935 117.
469 3892 495 3935 et
509 3893 584 3935 recte.
621 3886 680 3936 Non
698 3886 765 3936 enim
782 3894 863 3937 aratro
878 3886 923 3936 sed
939 3885 1052 3950 plaustro
1066 3883 1151 3950 juncti
1164 3891 1236 3935 erant
1258 3888 1262 3892 “

229 3971 257 4022 1ιὶ
273 3970 360 4031 boves,
377 3972 569 4025 commorientes
587 3973 614 4022 in
631 3974 672 4024 via
688 3974 795 4038 publiea.
818 3974 885 4025 conf.
903 3975 975 4026 Grat.
993 3990 1016 4023 v.
1033 3975 1073 4024 63.
1111 3971 1189 4021 Plura
1203 3971 1236 4021 de

231 4062 280 4112 hoo
298 4061 393 4127 aggeris
410 4061 553 4126 significatu
569 4062 639 4114 dabit
650 4063 742 4114 Savaro
753 4064 784 4114 ad
795 4064 911 4128 Apollin.
923 4063 944 4123 1,
962 4078 1001 4128 ep.
1014 4064 1039 4122 5,
1056 4069 1083 4111 et
1092 4061 1144 4120 IV,
1158 4075 1197 4124 ep.
1208 4062 1233 4110 2.

232 4149 343 4203 Castalio
357 4150 388 4201 ed
402 4149 558 4203 Rutilum.
578 4151 599 4212 1,
615 4151 656 4212 39,
676 4151 827 4204 Gronovius.
846 4151 953 4203 Observ.
972 4152 999 4200 in
1015 4149 1106 4201 eccles.
1123 4162 1177 4212 cap.
1194 4148 1233 4207 10,

226 4256 252 4305 p.
269 4239 469 4292 loe.-Wnnns.
