2798 4740
42 4364 78 4462 l

187 401 210 463 6
584 398 800 464 LECTORI.

190 591 239 648 est
253 582 328 647 anni
346 580 439 659 1624,
462 583 520 648 ubi
536 604 644 648 rursus
660 592 747 647 tomo
763 581 819 646 III
833 603 905 667 pag.
928 579 992 647 579
1007 581 1191 663 exhibetur,

190 692 273 756 etin
287 702 425 777 utroque
444 691 576 776 ponitur
595 692 664 756 haec
682 693 847 777 inscriptio
865 693 974 757 Severi
994 694 1145 758 Rhetoris
1160 702 1193 759 at

189 801 300 866 Posse
331 802 508 866 Christiani
535 802 669 866 Carmen
695 802 891 868 Bacoiicam.
938 802 1037 868 Tum:
1068 804 1194 890 Incipit

191 929 317 974 carmen
341 910 450 975 Severi
473 910 596 988 Sancti,
627 911 664 975 id
686 920 743 988 ast,
773 911 950 975 Eadeiechi
976 911 1127 977 Rhetoris
1153 913 1193 978 de

191 1019 339 1082 mortibus
355 1020 460 1093 boam·
484 1028 517 1082 et
531 1019 609 1083 vitia
623 1019 734 1083 eadem
748 1030 888 1083 renovat.

257 1125 419 1190 Caeterum
447 1148 506 1189 nec
534 1127 602 1210 ipse
630 1127 685 1190 ille
715 1127 929 1211 Margarinus,
966 1149 1025 1190 nec
1054 1127 1121 1192 ulla
1150 1150 1193 1193 ex

192 1235 385 1299 editionibus
407 1236 546 1299 indicare
569 1236 682 1312 voluit,
704 1236 790 1299 unde
815 1259 885 1300 eam
908 1236 987 1300 adeo
1011 1259 1139 1301 suavem
1159 1247 1194 1300 et

191 1343 341 1407 blandam
355 1344 563 1427 appendicem
576 1343 668 1407 istius
680 1344 772 1408 molis
785 1344 836 1408 vel
849 1345 1080 1409 incrementum
1091 1344 1194 1428 petie·

192 1453 244 1530 rit,
279 1454 397 1517 nedum
425 1462 463 1517 ut
492 1452 672 1516 doctissimo
701 1451 799 1517 Petro
829 1452 955 1518 Pithaeo
981 1454 1096 1518 merita
1122 1454 1193 1518 laus

191 1563 399 1639 tribueretur,
419 1562 471 1625 cui
483 1573 635 1647 tanquam
648 1563 798 1626 servatori
809 1563 905 1648 hujus
917 1564 1063 1628 carminis
1074 1565 1193 1647 gratias

191 1682 348 1757 perpetuo
372 1673 424 1754 agi
444 1682 585 1755 oportet3
609 1695 705 1756 quam
722 1671 808 1736 facili
827 1671 969 1756 alioquin
986 1672 1083 1757 hujus
1104 1674 1193 1737 char-

191 1780 270 1843 tulae
290 1780 435 1857 interitu,
460 1780 522 1843 nisi
541 1780 609 1864 ipse
630 1781 670 1843 ab
690 1780 811 1844 Vineto
832 1791 998 1864 acceptum
1021 1781 1086 1844 illic
1109 1803 1193 1846 anno

193 1889 278 1952 1590
293 1889 535 1952 consecravisset
548 1888 749 1972 posteritati?
783 1888 836 1951 Ita
849 1887 930 1951 nihil
943 1889 1017 1952 inde
1032 1888 1192 1966 discimus,

187 1997 279 2080 ‘quod
292 2006 434 2060 meretur
449 1995 535 2072 sciri3
559 1996 707 2058 discimus
722 1995 863 2072 modum,
887 2018 951 2079 quo
964 1996 1044 2060 tales
1057 2008 1193 2061 sartores

191 2105 306 2168 misera
336 2127 393 2168 sua
431 2103 536 2168 studia
570 2103 779 2167 instituerint.
841 2103 931 2170 Quid
959 2127 1034 2188 ergo
1063 2105 1194 2169 tandem

192 2223 307 2298 quarta
331 2213 428 2277 editio
451 2213 537 2277 illius
564 2213 773 2277 Bibliothecae
787 2212 936 2277 -Patrum
960 2212 1112 2297 Lugduni
1134 2236 1194 2298 per

192 2323 379 2389 Anissonios
407 2322 568 2386 elaborata
597 2323 689 2386 etin
715 2332 842 2386 tantum
870 2325 984 2387 auctai
1027 2323 1091 2387 Illa
1118 2345 1193 2386 vero

190 2432 360 2517 praeripuit
382 2432 472 2509 mihi,
510 2433 597 2517 quod
624 2442 768 2516 poteram
793 2432 856 2497 huc
877 2455 936 2515 pro
961 2455 1033 2496 meo
1058 2434 1191 2498 adferre.

192 2543 278 2608 Nam
295 2566 396 2628 quum
416 2543 643 2608 eruditissimas
660 2541 727 2607 Jac.
752 2541 912 2607 Sirmondi
932 2552 1024 2606 notas
1041 2542 1082 2606 ad
1101 2541 1194 2606 Sido·

190 2654 281 2717 nium
295 2652 516 2737 Apollinarem
535 2652 693 2735 legissem,
716 2652 859 2735 mihique
873 2652 1076 2727 notavissem,
1105 2650 1194 2734 quod

192 2761 356 2844 egregimn
370 2761 410 2823 ad
422 2760 520 2845 hujus
533 2759 752 2823 versificatoris
766 2780 884 2821 nomen
899 2759 964 2821 illic
985 2758 1135 2841 pratulit;
1158 2759 1194 2822 in

191 2869 250 2934 hac
275 2868 409 2933 Patrum
433 2868 572 2932 editione
596 2867 773 2951 concipitur
796 2866 866 2931 haec
889 2865 1035 2942 formula,
1065 2875 1136 2928 tum
1159 2867 1195 2932 in

190 2980 295 3066 primo
317 2991 404 3044 tomo
427 2979 542 3063 posita,
564 2978 622 3043 ubi
645 2977 800 3061 digeritur
823 2977 994 3061 inscriptus
1014 2976 1113 3039 index
1134 2975 1195 3040 Al·

191 3091 379 3174 phabeticus
396 3089 566 3153 authorum
584 3087 725 3150 omnium
745 3097 779 3150 et
795 3085 1020 3170 opusculorum
1040 3085 1075 3148 in
1097 3086 1194 3150 tomis

193 3196 303 3264 XVII
318 3196 529 3260 Bibliothecae
544 3194 718 3270 Maximae;
741 3203 812 3256 tum
823 3194 858 3256 in
872 3194 961 3258 Seria
976 3195 1147 3259 authorum
1159 3205 1195 3259 et

140 3319 144 3335 “
193 3305 417 3392 opusculorum
430 3303 508 3368 tomi
516 3302 583 3368 VI:
611 3301 776 3366 “Severus
791 3301 918 3366 Rhetor
930 3303 1055 3387 scripsit
1067 3324 1195 3368 carmen

194 3421 216 3452 “
229 3413 428 3490 Bucolicum,
448 3411 534 3496 quod
546 3408 638 3476 extat
651 3411 674 3474 f.
690 3411 766 3489 376,
786 3434 828 3476 ex
841 3435 905 3497 quo
918 3414 1055 3477 carmine
1067 3414 1194 3478 videtur

193 3530 319 3610 “posse
338 3521 443 3606 colligi
463 3520 629 3586 authorem
647 3520 733 3586 hunc
746 3521 864 3586 vixisse
880 3545 946 3587 non
962 3523 1101 3588 multum
1119 3531 1195 3607 post

193 3639 216 3671 “
228 3656 325 3719 quam
343 3631 522 3697 Christiana
542 3630 653 3714 religio
670 3639 740 3695 toto
757 3633 833 3696 orbe
851 3642 934 3697 esset
951 3642 1089 3715 recepta,
1120 3653 1194 3696 clun

192 3747 215 3779 “
228 3743 331 3807 adhuc
340 3752 541 3826 superessent
550 3741 695 3826 reliquiae
703 3742 902 3825 gentilitatis.
929 3739 1099 3806 Posuimus
1107 3740 1193 3805 hunc

192 3851 394 3916 “authorem
420 3850 505 3913 inter
529 3848 707 3934 Scriptores
731 3850 970 3916 Ecclesiasticos
997 3858 1130 3936 propter
1156 3872 1195 3916 ea

192 3966 215 3997 ‘⁴
228 3983 301 4045 quae
321 3960 356 4022 in
373 3959 433 4024 hoc
457 3959 594 4024 carmine
616 3961 655 4024 de
678 3984 741 4027 usu
764 3972 798 4025 et
821 3935 961 4026 efficacia
983 3961 1066 4044 signi
1088 3961 1191 4032 crucis

192 4077 214 4108 “
228 4071 338 4137 scribit
352 4071 434 4136 circa
447 4070 558 4164 finem:
583 4072 639 4137 hoc
656 4074 778 4157 signam
798 4072 909 4139 mediis
924 4073 1087 4154 frontibus
1101 4072 1194 4136 oddi-

215 4434 311 4462 Α
