<?xml version="1.0" encoding="UTF-8"?>
<!DOCTYPE html PUBLIC "-//W3C//DTD XHTML 1.0 Transitional//EN"
    "http://www.w3.org/TR/xhtml1/DTD/xhtml1-transitional.dtd">
<html xmlns="http://www.w3.org/1999/xhtml" xml:lang="en" lang="en">
 <head>
  <title>
</title>
<meta http-equiv="Content-Type" content="text/html;charset=utf-8" />
  <meta name='ocr-system' content='tesseract 3.04.00' />
  <meta name='ocr-capabilities' content='ocr_page ocr_carea ocr_par ocr_line ocrx_word'/>
</head>
<body>
  <div class='ocr_page' id='page_1' title='image "./severisanctiend00gilegoog_0065.png"; bbox 0 0 2798 4740; ppageno 0'>
   <div class='ocr_carea' id='block_1_1' title="bbox 199 398 753 466">
    <p class='ocr_par' dir='ltr' id='par_1_1' title="bbox 199 398 753 466">
     <span class='ocr_line' id='line_1_1' title="bbox 199 398 753 466; baseline 0.009 -7"><span class='ocrx_word' id='word_1_1' title='bbox 199 398 240 460; x_wconf 77' lang='lat'><strong>52</strong></span> <span class='ocrx_word' id='word_1_2' title='bbox 641 421 753 466; x_wconf 67' lang='lat' dir='ltr'><strong>nom.</strong></span> 
     </span>
    </p>
   </div>
   <div class='ocr_carea' id='block_1_2' title="bbox 197 577 1210 1158">
    <p class='ocr_par' dir='ltr' id='par_1_2' title="bbox 197 577 1210 1158">
     <span class='ocr_line' id='line_1_2' title="bbox 249 577 1208 646; baseline 0.002 -15"><span class='ocrx_word' id='word_1_3' title='bbox 249 577 334 631; x_wconf 81' lang='lat' dir='ltr'><strong>Vcas.</strong></span> <span class='ocrx_word' id='word_1_4' title='bbox 347 579 543 631; x_wconf 72' lang='lat' dir='ltr'><strong>62-Cernuam</strong></span> <span class='ocrx_word' id='word_1_5' title='bbox 560 582 585 630; x_wconf 91' lang='lat' dir='ltr'><strong>h.</strong></span> <span class='ocrx_word' id='word_1_6' title='bbox 603 581 712 631; x_wconf 85' lang='lat' dir='ltr'><strong>demisso</strong></span> <span class='ocrx_word' id='word_1_7' title='bbox 729 581 810 644; x_wconf 87' lang='lat' dir='ltr'><strong>capite</strong></span> <span class='ocrx_word' id='word_1_8' title='bbox 826 582 995 646; x_wconf 83' lang='lat' dir='ltr'><strong>procidentem</strong></span> <span class='ocrx_word' id='word_1_9' title='bbox 1012 583 1154 642; x_wconf 79' lang='lat' dir='ltr'><strong>interram,</strong></span> <span class='ocrx_word' id='word_1_10' title='bbox 1176 592 1208 634; x_wconf 88' lang='lat' dir='ltr'><strong>ut</strong></span> 
     </span>
     <span class='ocr_line' id='line_1_3' title="bbox 198 668 1210 734; baseline 0.006 -19"><span class='ocrx_word' id='word_1_11' title='bbox 198 680 273 730; x_wconf 81' lang='lat' dir='ltr'><strong>supra</strong></span> <span class='ocrx_word' id='word_1_12' title='bbox 289 682 313 715; x_wconf 82' lang='lat' dir='ltr'><strong>v.</strong></span> <span class='ocrx_word' id='word_1_13' title='bbox 333 668 374 725; x_wconf 78' lang='lat'><strong>52,</strong></span> <span class='ocrx_word' id='word_1_14' title='bbox 399 669 485 717; x_wconf 77' lang='lat' dir='ltr'><strong>victum</strong></span> <span class='ocrx_word' id='word_1_15' title='bbox 506 669 615 734; x_wconf 75' lang='lat' dir='ltr'><strong>deposuit</strong></span> <span class='ocrx_word' id='word_1_16' title='bbox 635 677 715 734; x_wconf 77' lang='lat' dir='ltr'><strong>caput.</strong></span> <span class='ocrx_word' id='word_1_17' title='bbox 754 668 804 719; x_wconf 87' lang='lat' dir='ltr'><strong>Sic.</strong></span> <span class='ocrx_word' id='word_1_18' title='bbox 827 670 900 734; x_wconf 79' lang='lat' dir='ltr'><strong>virg.</strong></span> <span class='ocrx_word' id='word_1_19' title='bbox 924 671 957 721; x_wconf 85' lang='lat' dir='ltr'><strong>G.</strong></span> <span class='ocrx_word' id='word_1_20' title='bbox 983 670 1036 729; x_wconf 92' lang='grc' dir='ltr'><strong>ΙΙΙ,</strong></span> <span class='ocrx_word' id='word_1_21' title='bbox 1060 672 1123 721; x_wconf 76' lang='lat'>524:</span> <span class='ocrx_word' id='word_1_22' title='bbox 1161 672 1210 721; x_wconf 84' lang='lat' dir='ltr'><strong>Ad</strong></span> 
     </span>
     <span class='ocr_line' id='line_1_4' title="bbox 197 755 1207 821; baseline 0.007 -18"><span class='ocrx_word' id='word_1_23' title='bbox 197 761 329 819; x_wconf 78' lang='lat' dir='ltr'><strong>terramque</strong></span> <span class='ocrx_word' id='word_1_24' title='bbox 337 756 400 819; x_wconf 71' lang='lat' dir='ltr'><strong>fluit</strong></span> <span class='ocrx_word' id='word_1_25' title='bbox 410 755 499 806; x_wconf 72' lang='lat' dir='ltr'><strong>devexo</strong></span> <span class='ocrx_word' id='word_1_26' title='bbox 511 757 616 821; x_wconf 80' lang='lat' dir='ltr'><strong>pondere</strong></span> <span class='ocrx_word' id='word_1_27' title='bbox 629 760 718 807; x_wconf 74' lang='lat' dir='ltr'><strong>cervix.</strong></span> <span class='ocrx_word' id='word_1_28' title='bbox 754 757 862 817; x_wconf 72' lang='lat' dir='ltr'><strong>Junica,</strong></span> <span class='ocrx_word' id='word_1_29' title='bbox 880 757 962 820; x_wconf 86' lang='lat' dir='ltr'><strong>inquit</strong></span> <span class='ocrx_word' id='word_1_30' title='bbox 976 758 1061 809; x_wconf 88' lang='lat' dir='ltr'><strong>Schol.</strong></span> <span class='ocrx_word' id='word_1_31' title='bbox 1079 759 1162 808; x_wconf 81' lang='lat' dir='ltr'><strong>Persii</strong></span> <span class='ocrx_word' id='word_1_32' title='bbox 1174 759 1207 810; x_wconf 84' lang='lat' dir='ltr'><strong>ad</strong></span> 
     </span>
     <span class='ocr_line' id='line_1_5' title="bbox 201 841 1207 911; baseline 0.005 -20"><span class='ocrx_word' id='word_1_33' title='bbox 201 841 253 891; x_wconf 86' lang='lat' dir='ltr'><strong>Sat.</strong></span> <span class='ocrx_word' id='word_1_34' title='bbox 276 841 313 901; x_wconf 94' lang='grc' dir='ltr'><strong>ΙΙ,</strong></span> <span class='ocrx_word' id='word_1_35' title='bbox 335 844 375 902; x_wconf 86' lang='grc'><strong>47,</strong></span> <span class='ocrx_word' id='word_1_36' title='bbox 398 844 508 894; x_wconf 71' lang='lat' dir='ltr'><strong>dicuntur</strong></span> <span class='ocrx_word' id='word_1_37' title='bbox 527 854 611 896; x_wconf 73' lang='lat' dir='ltr'><strong>tenera</strong></span> <span class='ocrx_word' id='word_1_38' title='bbox 633 848 710 896; x_wconf 64' lang='lat' dir='ltr'><strong>celatis</strong></span> <span class='ocrx_word' id='word_1_39' title='bbox 732 847 809 904; x_wconf 74' lang='lat' dir='ltr'><strong>boves,</strong></span> <span class='ocrx_word' id='word_1_40' title='bbox 832 863 885 909; x_wconf 76' lang='lat' dir='ltr'><strong>quc</strong></span> <span class='ocrx_word' id='word_1_41' title='bbox 899 847 954 911; x_wconf 83' lang='lat' dir='ltr'><strong>jam</strong></span> <span class='ocrx_word' id='word_1_42' title='bbox 973 855 1093 897; x_wconf 73' lang='lat' dir='ltr'><strong>cesserunt</strong></span> <span class='ocrx_word' id='word_1_43' title='bbox 1114 846 1207 906; x_wconf 77' lang='lat' dir='ltr'><strong>vitulis,</strong></span> 
     </span>
     <span class='ocr_line' id='line_1_6' title="bbox 197 928 1206 999; baseline 0.007 -22"><span class='ocrx_word' id='word_1_44' title='bbox 197 928 294 978; x_wconf 82' lang='lat' dir='ltr'><strong><em>necdum</em></strong></span> <span class='ocrx_word' id='word_1_45' title='bbox 314 938 391 980; x_wconf 79' lang='lat' dir='ltr'><strong>tamen</strong></span> <span class='ocrx_word' id='word_1_46' title='bbox 413 933 446 981; x_wconf 85' lang='lat' dir='ltr'><strong>ad</strong></span> <span class='ocrx_word' id='word_1_47' title='bbox 467 949 579 983; x_wconf 76' lang='lat' dir='ltr'><strong>summam</strong></span> <span class='ocrx_word' id='word_1_48' title='bbox 596 934 778 999; x_wconf 75' lang='lat' dir='ltr'><strong>maynitudinem</strong></span> <span class='ocrx_word' id='word_1_49' title='bbox 798 942 961 998; x_wconf 77' lang='lat' dir='ltr'><strong>pervenerant.</strong></span> <span class='ocrx_word' id='word_1_50' title='bbox 1003 934 1089 986; x_wconf 81' lang='lat' dir='ltr'><strong>Glosa.</strong></span> <span class='ocrx_word' id='word_1_51' title='bbox 1113 935 1206 994; x_wconf 72' lang='lat' dir='ltr'><strong>Junix,</strong></span> 
     </span>
     <span class='ocr_line' id='line_1_7' title="bbox 198 1015 1207 1086; baseline 0.005 -19"><span class='ocrx_word' id='word_1_52' title='bbox 198 1015 315 1085; x_wconf 75' lang='grc' dir='ltr'>δάμαλις.</span> <span class='ocrx_word' id='word_1_53' title='bbox 351 1016 497 1070; x_wconf 85' lang='lat' dir='ltr'><strong>Becmanno</strong></span> <span class='ocrx_word' id='word_1_54' title='bbox 510 1021 537 1069; x_wconf 88' lang='lat' dir='ltr'><strong>in</strong></span> <span class='ocrx_word' id='word_1_55' title='bbox 552 1021 623 1085; x_wconf 80' lang='lat' dir='ltr'><strong>Orig.</strong></span> <span class='ocrx_word' id='word_1_56' title='bbox 640 1037 664 1084; x_wconf 89' lang='lat' dir='ltr'><strong>p.</strong></span> <span class='ocrx_word' id='word_1_57' title='bbox 680 1022 737 1079; x_wconf 84' lang='grc'><strong>643,</strong></span> <span class='ocrx_word' id='word_1_58' title='bbox 755 1021 825 1084; x_wconf 84' lang='lat' dir='ltr'><strong>quasi</strong></span> <span class='ocrx_word' id='word_1_59' title='bbox 839 1018 951 1084; x_wconf 73' lang='lat' dir='ltr'><strong>juveniac,</strong></span> <span class='ocrx_word' id='word_1_60' title='bbox 968 1037 1043 1072; x_wconf 87' lang='lat' dir='ltr'><strong>vacca</strong></span> <span class='ocrx_word' id='word_1_61' title='bbox 1058 1021 1207 1086; x_wconf 83' lang='lat' dir='ltr'><strong>juvenis.-</strong></span> 
     </span>
     <span class='ocr_line' id='line_1_8' title="bbox 201 1107 311 1158; baseline 0 -2"><span class='ocrx_word' id='word_1_62' title='bbox 201 1107 311 1158; x_wconf 68' lang='lat' dir='ltr'><strong>Wcaue.</strong></span> 
     </span>
    </p>
   </div>
   <div class='ocr_carea' id='block_1_3' title="bbox 189 1258 1261 3256">
    <p class='ocr_par' dir='ltr' id='par_1_3' title="bbox 189 1258 1261 3256">
     <span class='ocr_line' id='line_1_9' title="bbox 248 1258 1204 1325; baseline 0 -15"><span class='ocrx_word' id='word_1_63' title='bbox 248 1259 333 1310; x_wconf 70' lang='lat' dir='ltr'><strong>Vnae.</strong></span> <span class='ocrx_word' id='word_1_64' title='bbox 355 1259 550 1325; x_wconf 54' lang='lat' dir='ltr'><strong>cadmiam]</strong></span> <span class='ocrx_word' id='word_1_65' title='bbox 586 1259 628 1310; x_wconf 75' lang='grc' dir='ltr'><strong>(ΙΙ.</strong></span> <span class='ocrx_word' id='word_1_66' title='bbox 650 1260 726 1324; x_wconf 74' lang='lat' dir='ltr'><strong>junia·</strong></span> <span class='ocrx_word' id='word_1_67' title='bbox 753 1259 870 1325; x_wconf 76' lang='grc' dir='ltr'><strong>δάμαλις.</strong></span> <span class='ocrx_word' id='word_1_68' title='bbox 902 1258 970 1322; x_wconf 85' lang='lat' dir='ltr'><strong>quod</strong></span> <span class='ocrx_word' id='word_1_69' title='bbox 991 1259 1018 1308; x_wconf 92' lang='lat' dir='ltr'><strong>in</strong></span> <span class='ocrx_word' id='word_1_70' title='bbox 1041 1259 1085 1309; x_wconf 88' lang='lat' dir='ltr'><strong>alt.</strong></span> <span class='ocrx_word' id='word_1_71' title='bbox 1108 1259 1204 1320; x_wconf 78' lang='lat' dir='ltr'><strong>bacula,</strong></span> 
     </span>
     <span class='ocr_line' id='line_1_10' title="bbox 189 1347 1202 1413; baseline 0.003 -18"><span class='ocrx_word' id='word_1_72' title='bbox 189 1348 303 1411; x_wconf 82' lang='lat' dir='ltr'><strong>juvenca,</strong></span> <span class='ocrx_word' id='word_1_73' title='bbox 319 1365 400 1398; x_wconf 85' lang='lat' dir='ltr'><strong>vacca.</strong></span> <span class='ocrx_word' id='word_1_74' title='bbox 424 1349 556 1398; x_wconf 86' lang='lat' dir='ltr'><strong>Onomast.</strong></span> <span class='ocrx_word' id='word_1_75' title='bbox 575 1347 683 1407; x_wconf 76' lang='lat' dir='ltr'><strong>Junices,</strong></span> <span class='ocrx_word' id='word_1_76' title='bbox 701 1347 816 1413; x_wconf 84' lang='grc' dir='ltr'>δαμάλαι</span> <span class='ocrx_word' id='word_1_77' title='bbox 833 1347 940 1397; x_wconf 88' lang='lat' dir='ltr'><strong>Zehner.</strong></span> <span class='ocrx_word' id='word_1_78' title='bbox 959 1348 985 1397; x_wconf 90' lang='lat' dir='ltr'><strong>in</strong></span> <span class='ocrx_word' id='word_1_79' title='bbox 1002 1348 1136 1398; x_wconf 87' lang='lat' dir='ltr'><strong>Nomencl.</strong></span> <span class='ocrx_word' id='word_1_80' title='bbox 1155 1349 1202 1400; x_wconf 90' lang='lat' dir='ltr'><strong>lib.</strong></span> 
     </span>
     <span class='ocr_line' id='line_1_11' title="bbox 196 1434 1205 1500; baseline -0.001 -15"><span class='ocrx_word' id='word_1_81' title='bbox 196 1437 221 1485; x_wconf 90' lang='grc'><strong>4.</strong></span> <span class='ocrx_word' id='word_1_82' title='bbox 238 1450 290 1499; x_wconf 80' lang='lat' dir='ltr'><strong>cap.</strong></span> <span class='ocrx_word' id='word_1_83' title='bbox 311 1436 350 1485; x_wconf 87' lang='lat'><strong>75.</strong></span> <span class='ocrx_word' id='word_1_84' title='bbox 370 1435 458 1495; x_wconf 85' lang='lat' dir='ltr'>reddit,</span> <span class='ocrx_word' id='word_1_85' title='bbox 478 1434 545 1484; x_wconf 86' lang='lat' dir='ltr'><strong>Eine</strong></span> <span class='ocrx_word' id='word_1_86' title='bbox 566 1434 648 1485; x_wconf 91' lang='lat' dir='ltr'><strong>Kalbe</strong></span> <span class='ocrx_word' id='word_1_87' title='bbox 666 1435 726 1484; x_wconf 88' lang='lat' dir='ltr'><strong>oder</strong></span> <span class='ocrx_word' id='word_1_88' title='bbox 744 1434 846 1485; x_wconf 89' lang='lat' dir='ltr'><strong>Kalbin.</strong></span> <span class='ocrx_word' id='word_1_89' title='bbox 875 1435 955 1485; x_wconf 89' lang='lat' dir='ltr'><strong>Siber.</strong></span> <span class='ocrx_word' id='word_1_90' title='bbox 977 1435 1003 1485; x_wconf 88' lang='lat' dir='ltr'><strong>in</strong></span> <span class='ocrx_word' id='word_1_91' title='bbox 1020 1436 1128 1487; x_wconf 71' lang='lat' dir='ltr'><strong>Gemma</strong></span> <span class='ocrx_word' id='word_1_92' title='bbox 1146 1451 1205 1500; x_wconf 82' lang='lat' dir='ltr'><strong>pag.</strong></span> 
     </span>
     <span class='ocr_line' id='line_1_12' title="bbox 199 1522 1201 1590; baseline 0.005 -20"><span class='ocrx_word' id='word_1_93' title='bbox 199 1523 254 1572; x_wconf 77' lang='lat'><strong>102.</strong></span> <span class='ocrx_word' id='word_1_94' title='bbox 294 1523 382 1582; x_wconf 69' lang='lat' dir='ltr'><strong>Janie,</strong></span> <span class='ocrx_word' id='word_1_95' title='bbox 409 1522 502 1581; x_wconf 74' lang='lat' dir='ltr'><strong>bucula,</strong></span> <span class='ocrx_word' id='word_1_96' title='bbox 533 1523 651 1588; x_wconf 76' lang='grc' dir='ltr'><strong>δάμαλις,</strong></span> <span class='ocrx_word' id='word_1_97' title='bbox 681 1524 747 1587; x_wconf 81' lang='grc' dir='ltr'>βοῦς</span> <span class='ocrx_word' id='word_1_98' title='bbox 774 1524 877 1582; x_wconf 60' lang='lat' dir='ltr'><strong>clarae,</strong></span> <span class='ocrx_word' id='word_1_99' title='bbox 906 1527 1012 1586; x_wconf 66' lang='grc' dir='ltr'><strong>νεαλὴς,</strong></span> <span class='ocrx_word' id='word_1_100' title='bbox 1041 1525 1201 1590; x_wconf 82' lang='grc' dir='ltr'>ἁτάυρωτος.</span> 
     </span>
     <span class='ocr_line' id='line_1_13' title="bbox 199 1609 1204 1676; baseline 0 -16"><span class='ocrx_word' id='word_1_101' title='bbox 199 1610 282 1674; x_wconf 81' lang='lat' dir='ltr'><strong>Junge</strong></span> <span class='ocrx_word' id='word_1_102' title='bbox 296 1609 362 1668; x_wconf 88' lang='lat' dir='ltr'><strong>Rue,</strong></span> <span class='ocrx_word' id='word_1_103' title='bbox 382 1609 473 1669; x_wconf 88' lang='lat' dir='ltr'><strong>Kalbc,</strong></span> <span class='ocrx_word' id='word_1_104' title='bbox 493 1610 578 1659; x_wconf 78' lang='lat' dir='ltr'><strong>Ferae.</strong></span> <span class='ocrx_word' id='word_1_105' title='bbox 616 1611 720 1660; x_wconf 86' lang='lat' dir='ltr'>Persius</span> <span class='ocrx_word' id='word_1_106' title='bbox 735 1611 787 1661; x_wconf 90' lang='lat' dir='ltr'><strong>Sat.</strong></span> <span class='ocrx_word' id='word_1_107' title='bbox 803 1613 827 1660; x_wconf 81' lang='lat'><strong>2.</strong></span> <span class='ocrx_word' id='word_1_108' title='bbox 868 1610 916 1660; x_wconf 84' lang='lat' dir='ltr'><strong>Tot</strong></span> <span class='ocrx_word' id='word_1_109' title='bbox 930 1611 973 1661; x_wconf 74' lang='lat' dir='ltr'><strong>eibi</strong></span> <span class='ocrx_word' id='word_1_110' title='bbox 988 1610 1040 1660; x_wconf 77' lang='lat' dir='ltr'><strong>clm</strong></span> <span class='ocrx_word' id='word_1_111' title='bbox 1056 1613 1081 1660; x_wconf 81' lang='lat' dir='ltr'><strong>in</strong></span> <span class='ocrx_word' id='word_1_112' title='bbox 1091 1613 1204 1676; x_wconf 70' lang='lat' dir='ltr'><strong>flammis</strong></span> 
     </span>
     <span class='ocr_line' id='line_1_14' title="bbox 189 1697 1205 1764; baseline 0.001 -16"><span class='ocrx_word' id='word_1_113' title='bbox 189 1700 299 1764; x_wconf 81' lang='lat' dir='ltr'><strong>junicum</strong></span> <span class='ocrx_word' id='word_1_114' title='bbox 316 1706 407 1748; x_wconf 80' lang='lat' dir='ltr'><strong>omenta</strong></span> <span class='ocrx_word' id='word_1_115' title='bbox 421 1698 557 1763; x_wconf 73' lang='lat' dir='ltr'><strong>liquescant.</strong></span> <span class='ocrx_word' id='word_1_116' title='bbox 574 1699 662 1758; x_wconf 82' lang='lat' dir='ltr'><strong>idest,</strong></span> <span class='ocrx_word' id='word_1_117' title='bbox 682 1698 738 1748; x_wconf 81' lang='lat' dir='ltr'><strong>clun</strong></span> <span class='ocrx_word' id='word_1_118' title='bbox 754 1706 794 1749; x_wconf 91' lang='lat' dir='ltr'><strong>tot</strong></span> <span class='ocrx_word' id='word_1_119' title='bbox 806 1697 912 1763; x_wconf 84' lang='lat' dir='ltr'><strong>majores</strong></span> <span class='ocrx_word' id='word_1_120' title='bbox 925 1699 1041 1749; x_wconf 86' lang='lat' dir='ltr'><strong>victimas</strong></span> <span class='ocrx_word' id='word_1_121' title='bbox 1056 1699 1151 1760; x_wconf 78' lang='lat' dir='ltr'><strong>caedas;</strong></span> <span class='ocrx_word' id='word_1_122' title='bbox 1174 1707 1205 1750; x_wconf 88' lang='lat' dir='ltr'><strong>ut</strong></span> 
     </span>
     <span class='ocr_line' id='line_1_15' title="bbox 198 1784 1201 1852; baseline 0 -18"><span class='ocrx_word' id='word_1_123' title='bbox 198 1794 257 1836; x_wconf 89' lang='lat' dir='ltr'><strong>sunt</strong></span> <span class='ocrx_word' id='word_1_124' title='bbox 267 1785 352 1845; x_wconf 87' lang='lat' dir='ltr'><strong>boves,</strong></span> <span class='ocrx_word' id='word_1_125' title='bbox 370 1786 442 1845; x_wconf 89' lang='lat' dir='ltr'><strong>tauri,</strong></span> <span class='ocrx_word' id='word_1_126' title='bbox 456 1784 567 1849; x_wconf 86' lang='lat' dir='ltr'><strong>juvenci,</strong></span> <span class='ocrx_word' id='word_1_127' title='bbox 585 1793 611 1836; x_wconf 86' lang='lat' dir='ltr'><strong>et</strong></span> <span class='ocrx_word' id='word_1_128' title='bbox 620 1785 720 1851; x_wconf 85' lang='lat' dir='ltr'><strong>junices</strong></span> <span class='ocrx_word' id='word_1_129' title='bbox 732 1785 786 1836; x_wconf 86' lang='lat' dir='ltr'><strong>sive</strong></span> <span class='ocrx_word' id='word_1_130' title='bbox 798 1785 927 1852; x_wconf 80' lang='grc' dir='ltr'>δαμάλεις.</span> <span class='ocrx_word' id='word_1_131' title='bbox 967 1786 1108 1837; x_wconf 85' lang='lat' dir='ltr'><strong>Casaubon.</strong></span> <span class='ocrx_word' id='word_1_132' title='bbox 1125 1785 1201 1836; x_wconf 89' lang='lat' dir='ltr'><strong>Balb.</strong></span> 
     </span>
     <span class='ocr_line' id='line_1_16' title="bbox 201 1871 1204 1937; baseline -0.002 -14"><span class='ocrx_word' id='word_1_133' title='bbox 201 1873 300 1925; x_wconf 78' lang='lat' dir='ltr'><strong>cathol.</strong></span> <span class='ocrx_word' id='word_1_134' title='bbox 319 1873 408 1930; x_wconf 72' lang='lat' dir='ltr'><strong>Junix,</strong></span> <span class='ocrx_word' id='word_1_135' title='bbox 426 1891 441 1922; x_wconf 89' lang='grc' dir='ltr'><em>α</em></span> <span class='ocrx_word' id='word_1_136' title='bbox 449 1873 559 1937; x_wconf 83' lang='lat' dir='ltr'><strong>juvando</strong></span> <span class='ocrx_word' id='word_1_137' title='bbox 577 1873 672 1932; x_wconf 79' lang='lat' dir='ltr'><strong>dicitur,</strong></span> <span class='ocrx_word' id='word_1_138' title='bbox 694 1881 717 1922; x_wconf 84' lang='lat' dir='ltr'><strong>et</strong></span> <span class='ocrx_word' id='word_1_139' title='bbox 735 1872 852 1931; x_wconf 72' lang='lat' dir='ltr'><strong>aelidem,</strong></span> <span class='ocrx_word' id='word_1_140' title='bbox 872 1872 936 1937; x_wconf 78' lang='lat' dir='ltr'><em>quod</em></span> <span class='ocrx_word' id='word_1_141' title='bbox 949 1871 1087 1937; x_wconf 82' lang='lat' dir='ltr'><strong>juvencula,</strong></span> <span class='ocrx_word' id='word_1_142' title='bbox 1108 1872 1136 1921; x_wconf 90' lang='lat' dir='ltr'><strong>id</strong></span> <span class='ocrx_word' id='word_1_143' title='bbox 1154 1881 1204 1931; x_wconf 84' lang='lat' dir='ltr'><strong>est,</strong></span> 
     </span>
     <span class='ocr_line' id='line_1_17' title="bbox 193 1958 1202 2024; baseline -0.001 -15"><span class='ocrx_word' id='word_1_144' title='bbox 193 1960 331 2024; x_wconf 75' lang='lat' dir='ltr'><strong>parvulos,</strong></span> <span class='ocrx_word' id='word_1_145' title='bbox 346 1959 483 2009; x_wconf 87' lang='lat' dir='ltr'><strong>secundum</strong></span> <span class='ocrx_word' id='word_1_146' title='bbox 495 1960 598 2024; x_wconf 83' lang='lat' dir='ltr'><strong>Hugon.</strong></span> <span class='ocrx_word' id='word_1_147' title='bbox 631 1958 790 2023; x_wconf 82' lang='lat' dir='ltr'><strong>Papiaaver6</strong></span> <span class='ocrx_word' id='word_1_148' title='bbox 799 1959 872 2009; x_wconf 85' lang='lat' dir='ltr'><strong>dicit:</strong></span> <span class='ocrx_word' id='word_1_149' title='bbox 891 1959 999 2017; x_wconf 63' lang='lat' dir='ltr'><strong>huicce,</strong></span> <span class='ocrx_word' id='word_1_150' title='bbox 1014 1958 1083 2009; x_wconf 78' lang='lat' dir='ltr'><strong>boves</strong></span> <span class='ocrx_word' id='word_1_151' title='bbox 1089 1960 1202 2024; x_wconf 74' lang='lat' dir='ltr'><strong>juvenca,</strong></span> 
     </span>
     <span class='ocr_line' id='line_1_18' title="bbox 201 2045 1204 2112; baseline -0.001 -14"><span class='ocrx_word' id='word_1_152' title='bbox 201 2049 333 2098; x_wconf 80' lang='lat' dir='ltr'><strong>Scholiast.</strong></span> <span class='ocrx_word' id='word_1_153' title='bbox 355 2047 484 2097; x_wconf 84' lang='lat' dir='ltr'><strong>Theocrit.</strong></span> <span class='ocrx_word' id='word_1_154' title='bbox 504 2047 535 2096; x_wconf 85' lang='lat' dir='ltr'><strong>ad</strong></span> <span class='ocrx_word' id='word_1_155' title='bbox 557 2047 629 2111; x_wconf 86' lang='lat' dir='ltr'><strong>Idyll.</strong></span> <span class='ocrx_word' id='word_1_156' title='bbox 648 2047 674 2096; x_wconf 87' lang='lat' dir='ltr'><strong>id</strong></span> <span class='ocrx_word' id='word_1_157' title='bbox 693 2055 740 2106; x_wconf 86' lang='lat' dir='ltr'><strong>est,</strong></span> <span class='ocrx_word' id='word_1_158' title='bbox 756 2048 826 2111; x_wconf 83' lang='grc' dir='ltr'><strong>βόες,</strong></span> <span class='ocrx_word' id='word_1_159' title='bbox 850 2047 876 2096; x_wconf 80' lang='grc' dir='ltr'><strong>αἱ</strong></span> <span class='ocrx_word' id='word_1_160' title='bbox 894 2047 996 2097; x_wconf 82' lang='grc' dir='ltr'><strong>τέλειαι.</strong></span> <span class='ocrx_word' id='word_1_161' title='bbox 1016 2045 1139 2112; x_wconf 76' lang='grc' dir='ltr'>δαμάλεις</span> <span class='ocrx_word' id='word_1_162' title='bbox 1158 2050 1204 2097; x_wconf 73' lang='grc' dir='ltr'><strong>καὶ</strong></span> 
     </span>
     <span class='ocr_line' id='line_1_19' title="bbox 198 2134 1200 2202; baseline -0.003 -15"><span class='ocrx_word' id='word_1_163' title='bbox 198 2155 309 2202; x_wconf 81' lang='grc' dir='ltr'><strong>πορτιες,</strong></span> <span class='ocrx_word' id='word_1_164' title='bbox 327 2137 353 2186; x_wconf 80' lang='grc' dir='ltr'><strong>αἱ</strong></span> <span class='ocrx_word' id='word_1_165' title='bbox 363 2137 443 2201; x_wconf 76' lang='grc' dir='ltr'>μήπω</span> <span class='ocrx_word' id='word_1_166' title='bbox 459 2135 510 2185; x_wconf 83' lang='grc' dir='ltr'><strong>ὑπὸ</strong></span> <span class='ocrx_word' id='word_1_167' title='bbox 523 2137 604 2201; x_wconf 78' lang='grc' dir='ltr'><strong><em>ζυγὸν</em></strong></span> <span class='ocrx_word' id='word_1_168' title='bbox 616 2136 744 2195; x_wconf 79' lang='grc' dir='ltr'><strong>ἐλθοῦσαι,</strong></span> <span class='ocrx_word' id='word_1_169' title='bbox 762 2135 825 2201; x_wconf 80' lang='grc' dir='ltr'>μηδὲ</span> <span class='ocrx_word' id='word_1_170' title='bbox 843 2135 987 2200; x_wconf 80' lang='grc' dir='ltr'><strong>ὀχηθεῖσαι.</strong></span> <span class='ocrx_word' id='word_1_171' title='bbox 1006 2134 1033 2184; x_wconf 78' lang='grc' dir='ltr'><strong>αἱ</strong></span> <span class='ocrx_word' id='word_1_172' title='bbox 1049 2134 1154 2199; x_wconf 79' lang='grc' dir='ltr'>πόρτιες</span> <span class='ocrx_word' id='word_1_173' title='bbox 1173 2134 1200 2184; x_wconf 79' lang='grc' dir='ltr'><strong>δὲ</strong></span> 
     </span>
     <span class='ocr_line' id='line_1_20' title="bbox 197 2220 1204 2287; baseline -0.003 -13"><span class='ocrx_word' id='word_1_174' title='bbox 197 2227 239 2274; x_wconf 78' lang='grc' dir='ltr'><strong>καὶ</strong></span> <span class='ocrx_word' id='word_1_175' title='bbox 257 2225 294 2274; x_wconf 82' lang='grc' dir='ltr'><strong>ἔτι</strong></span> <span class='ocrx_word' id='word_1_176' title='bbox 309 2222 473 2287; x_wconf 78' lang='grc' dir='ltr'>ἀτελέστεραι</span> <span class='ocrx_word' id='word_1_177' title='bbox 492 2228 545 2274; x_wconf 79' lang='grc' dir='ltr'><strong>τῶν</strong></span> <span class='ocrx_word' id='word_1_178' title='bbox 562 2223 704 2287; x_wconf 80' lang='grc' dir='ltr'>ὃαμάλεων.</span> <span class='ocrx_word' id='word_1_179' title='bbox 725 2224 768 2272; x_wconf 80' lang='grc' dir='ltr'><strong>ἐπὶ</strong></span> <span class='ocrx_word' id='word_1_180' title='bbox 787 2223 812 2272; x_wconf 80' lang='grc' dir='ltr'><strong>δὲ</strong></span> <span class='ocrx_word' id='word_1_181' title='bbox 832 2228 885 2273; x_wconf 82' lang='grc' dir='ltr'><strong>τῶν</strong></span> <span class='ocrx_word' id='word_1_182' title='bbox 905 2220 1030 2287; x_wconf 76' lang='grc' dir='ltr'><strong>ἀρρένων,</strong></span> <span class='ocrx_word' id='word_1_183' title='bbox 1055 2221 1151 2287; x_wconf 85' lang='grc' dir='ltr'>μόσχοι</span> <span class='ocrx_word' id='word_1_184' title='bbox 1169 2223 1204 2272; x_wconf 78' lang='grc' dir='ltr'><strong>τὰ</strong></span> 
     </span>
     <span class='ocr_line' id='line_1_21' title="bbox 197 2308 1200 2377; baseline -0.002 -15"><span class='ocrx_word' id='word_1_185' title='bbox 197 2313 300 2377; x_wconf 82' lang='grc' dir='ltr'><strong>νεογνὰ,</strong></span> <span class='ocrx_word' id='word_1_186' title='bbox 319 2313 361 2361; x_wconf 75' lang='grc' dir='ltr'><strong>καὶ</strong></span> <span class='ocrx_word' id='word_1_187' title='bbox 377 2312 409 2360; x_wconf 82' lang='grc' dir='ltr'><strong>τὰ</strong></span> <span class='ocrx_word' id='word_1_188' title='bbox 425 2309 477 2359; x_wconf 84' lang='grc' dir='ltr'><strong>ὑπὸ</strong></span> <span class='ocrx_word' id='word_1_189' title='bbox 493 2314 551 2368; x_wconf 86' lang='grc' dir='ltr'>ταῖς</span> <span class='ocrx_word' id='word_1_190' title='bbox 565 2310 696 2376; x_wconf 86' lang='grc' dir='ltr'>μητράσιν</span> <span class='ocrx_word' id='word_1_191' title='bbox 709 2311 753 2360; x_wconf 81' lang='grc' dir='ltr'><strong>ἔτι.</strong></span> <span class='ocrx_word' id='word_1_192' title='bbox 772 2314 861 2376; x_wconf 79' lang='grc' dir='ltr'>ταῦροι</span> <span class='ocrx_word' id='word_1_193' title='bbox 875 2309 908 2367; x_wconf 76' lang='grc' dir='ltr'><strong>δὲ,</strong></span> <span class='ocrx_word' id='word_1_194' title='bbox 926 2309 950 2358; x_wconf 79' lang='lat' dir='ltr'><strong>ln</strong></span> <span class='ocrx_word' id='word_1_195' title='bbox 967 2309 1065 2359; x_wconf 81' lang='grc' dir='ltr'><strong>τέλειοι.</strong></span> <span class='ocrx_word' id='word_1_196' title='bbox 1103 2308 1200 2360; x_wconf 80' lang='lat' dir='ltr'><strong>Weitz.</strong></span> 
     </span>
     <span class='ocr_line' id='line_1_22' title="bbox 198 2397 1201 2460; baseline 0.001 -13"><span class='ocrx_word' id='word_1_197' title='bbox 198 2399 229 2449; x_wconf 86' lang='lat' dir='ltr'><strong>L.</strong></span> <span class='ocrx_word' id='word_1_198' title='bbox 246 2397 361 2448; x_wconf 79' lang='lat' dir='ltr'>Annaeus</span> <span class='ocrx_word' id='word_1_199' title='bbox 377 2398 504 2449; x_wconf 85' lang='lat' dir='ltr'><strong>Cornutus</strong></span> <span class='ocrx_word' id='word_1_200' title='bbox 515 2398 546 2447; x_wconf 87' lang='lat' dir='ltr'><strong>ad</strong></span> <span class='ocrx_word' id='word_1_201' title='bbox 560 2398 630 2447; x_wconf 86' lang='lat' dir='ltr'><strong>Pers.</strong></span> <span class='ocrx_word' id='word_1_202' title='bbox 649 2398 700 2447; x_wconf 90' lang='lat' dir='ltr'><strong>Sat.</strong></span> <span class='ocrx_word' id='word_1_203' title='bbox 715 2400 739 2447; x_wconf 80' lang='lat'><strong>2.</strong></span> <span class='ocrx_word' id='word_1_204' title='bbox 758 2398 866 2457; x_wconf 80' lang='lat' dir='ltr'><strong>Junicec,</strong></span> <span class='ocrx_word' id='word_1_205' title='bbox 883 2397 974 2460; x_wconf 86' lang='lat' dir='ltr'><strong>inquit,</strong></span> <span class='ocrx_word' id='word_1_206' title='bbox 991 2397 1103 2447; x_wconf 77' lang='lat' dir='ltr'><strong>dicuntur</strong></span> <span class='ocrx_word' id='word_1_207' title='bbox 1115 2404 1201 2448; x_wconf 77' lang='lat' dir='ltr'><strong>tenerae</strong></span> 
     </span>
     <span class='ocr_line' id='line_1_23' title="bbox 196 2485 1203 2552; baseline -0.003 -15"><span class='ocrx_word' id='word_1_208' title='bbox 196 2490 273 2538; x_wconf 76' lang='lat' dir='ltr'><strong>oetatlc</strong></span> <span class='ocrx_word' id='word_1_209' title='bbox 288 2488 364 2546; x_wconf 83' lang='lat' dir='ltr'><strong>boves,</strong></span> <span class='ocrx_word' id='word_1_210' title='bbox 381 2505 434 2552; x_wconf 78' lang='lat' dir='ltr'><strong>quae</strong></span> <span class='ocrx_word' id='word_1_211' title='bbox 442 2489 496 2551; x_wconf 86' lang='lat' dir='ltr'><strong>jam</strong></span> <span class='ocrx_word' id='word_1_212' title='bbox 509 2494 627 2536; x_wconf 77' lang='lat' dir='ltr'><strong>cesserunt</strong></span> <span class='ocrx_word' id='word_1_213' title='bbox 640 2485 728 2544; x_wconf 63' lang='lat' dir='ltr'><strong>vitulis,</strong></span> <span class='ocrx_word' id='word_1_214' title='bbox 745 2486 841 2535; x_wconf 81' lang='lat' dir='ltr'><strong><em>necdum</em></strong></span> <span class='ocrx_word' id='word_1_215' title='bbox 853 2494 929 2538; x_wconf 82' lang='lat' dir='ltr'><strong>tamen</strong></span> <span class='ocrx_word' id='word_1_216' title='bbox 940 2485 974 2534; x_wconf 83' lang='lat' dir='ltr'><strong>ad</strong></span> <span class='ocrx_word' id='word_1_217' title='bbox 986 2501 1099 2534; x_wconf 71' lang='lat' dir='ltr'><strong>summam</strong></span> <span class='ocrx_word' id='word_1_218' title='bbox 1109 2487 1203 2550; x_wconf 70' lang='lat' dir='ltr'><strong>mayni-</strong></span> 
     </span>
     <span class='ocr_line' id='line_1_24' title="bbox 197 2572 1201 2641; baseline -0.004 -15"><span class='ocrx_word' id='word_1_219' title='bbox 197 2577 298 2626; x_wconf 75' lang='lat' dir='ltr'><strong>tudt&#39;nem</strong></span> <span class='ocrx_word' id='word_1_220' title='bbox 316 2574 547 2641; x_wconf 59' lang='lat' dir='ltr'><strong>perveneram-S.</strong></span> <span class='ocrx_word' id='word_1_221' title='bbox 583 2574 696 2639; x_wconf 82' lang='lat' dir='ltr'><strong>Animas]</strong></span> <span class='ocrx_word' id='word_1_222' title='bbox 724 2573 821 2631; x_wconf 80' lang='lat' dir='ltr'><strong>Anima,</strong></span> <span class='ocrx_word' id='word_1_223' title='bbox 845 2589 891 2636; x_wconf 85' lang='lat' dir='ltr'><strong>pro</strong></span> <span class='ocrx_word' id='word_1_224' title='bbox 909 2572 961 2623; x_wconf 78' lang='lat' dir='ltr'><strong>vita</strong></span> <span class='ocrx_word' id='word_1_225' title='bbox 980 2573 1118 2632; x_wconf 82' lang='lat' dir='ltr'><strong>brutorum,</strong></span> <span class='ocrx_word' id='word_1_226' title='bbox 1144 2589 1201 2636; x_wconf 80' lang='lat' dir='ltr'><strong>quoe</strong></span> 
     </span>
     <span class='ocr_line' id='line_1_25' title="bbox 192 2659 1201 2728; baseline -0.003 -14"><span class='ocrx_word' id='word_1_227' title='bbox 192 2666 272 2721; x_wconf 86' lang='lat' dir='ltr'><strong>¹simul</strong></span> <span class='ocrx_word' id='word_1_228' title='bbox 287 2682 343 2714; x_wconf 89' lang='lat' dir='ltr'><strong>cum</strong></span> <span class='ocrx_word' id='word_1_229' title='bbox 360 2665 423 2728; x_wconf 83' lang='lat' dir='ltr'>ipsis</span> <span class='ocrx_word' id='word_1_230' title='bbox 441 2663 568 2714; x_wconf 87' lang='lat' dir='ltr'><strong>evanescit</strong></span> <span class='ocrx_word' id='word_1_231' title='bbox 584 2669 610 2712; x_wconf 89' lang='lat' dir='ltr'><strong>et</strong></span> <span class='ocrx_word' id='word_1_232' title='bbox 624 2662 651 2711; x_wconf 89' lang='lat' dir='ltr'><strong>in</strong></span> <span class='ocrx_word' id='word_1_233' title='bbox 666 2660 772 2711; x_wconf 89' lang='lat' dir='ltr'><strong>nihilum</strong></span> <span class='ocrx_word' id='word_1_234' title='bbox 789 2661 862 2711; x_wconf 86' lang='lat' dir='ltr'><strong>redit.</strong></span> <span class='ocrx_word' id='word_1_235' title='bbox 898 2659 974 2710; x_wconf 68' lang='lat' dir='ltr'><strong>Alias</strong></span> <span class='ocrx_word' id='word_1_236' title='bbox 988 2660 1113 2710; x_wconf 88' lang='lat' dir='ltr'><strong>neminem</strong></span> <span class='ocrx_word' id='word_1_237' title='bbox 1129 2661 1201 2721; x_wconf 88' lang='lat' dir='ltr'><strong>latet,</strong></span> 
     </span>
     <span class='ocr_line' id='line_1_26' title="bbox 196 2748 1202 2817; baseline -0.003 -16"><span class='ocrx_word' id='word_1_238' title='bbox 196 2753 287 2817; x_wconf 76' lang='grc' dir='ltr'>ψυχῆς</span> <span class='ocrx_word' id='word_1_239' title='bbox 306 2751 452 2800; x_wconf 88' lang='lat' dir='ltr'><strong>vocabulum</strong></span> <span class='ocrx_word' id='word_1_240' title='bbox 474 2750 499 2798; x_wconf 90' lang='lat' dir='ltr'><strong>in</strong></span> <span class='ocrx_word' id='word_1_241' title='bbox 520 2748 631 2813; x_wconf 82' lang='lat' dir='ltr'>profanis</span> <span class='ocrx_word' id='word_1_242' title='bbox 650 2749 775 2812; x_wconf 83' lang='lat' dir='ltr'><strong>sacrisque</strong></span> <span class='ocrx_word' id='word_1_243' title='bbox 794 2748 865 2798; x_wconf 84' lang='lat' dir='ltr'><strong>libris</strong></span> <span class='ocrx_word' id='word_1_244' title='bbox 883 2763 928 2812; x_wconf 87' lang='lat' dir='ltr'><strong>pro</strong></span> <span class='ocrx_word' id='word_1_245' title='bbox 946 2748 998 2798; x_wconf 82' lang='lat' dir='ltr'><strong>vita</strong></span> <span class='ocrx_word' id='word_1_246' title='bbox 1014 2749 1133 2812; x_wconf 73' lang='lat' dir='ltr'><strong>usurpari,</strong></span> <span class='ocrx_word' id='word_1_247' title='bbox 1156 2756 1202 2799; x_wconf 84' lang='lat' dir='ltr'><strong>aut</strong></span> 
     </span>
     <span class='ocr_line' id='line_1_27' title="bbox 197 2835 1201 2901; baseline -0.003 -13"><span class='ocrx_word' id='word_1_248' title='bbox 197 2839 270 2888; x_wconf 87' lang='lat' dir='ltr'><strong>etiam</strong></span> <span class='ocrx_word' id='word_1_249' title='bbox 283 2854 328 2901; x_wconf 88' lang='lat' dir='ltr'><strong>pro</strong></span> <span class='ocrx_word' id='word_1_250' title='bbox 340 2839 396 2888; x_wconf 77' lang='lat' dir='ltr'><strong>tote</strong></span> <span class='ocrx_word' id='word_1_251' title='bbox 406 2837 515 2896; x_wconf 86' lang='lat' dir='ltr'><strong>homine,</strong></span> <span class='ocrx_word' id='word_1_252' title='bbox 552 2836 619 2889; x_wconf 88' lang='lat' dir='ltr'>Vide</span> <span class='ocrx_word' id='word_1_253' title='bbox 634 2836 664 2884; x_wconf 90' lang='lat' dir='ltr'><strong>P.</strong></span> <span class='ocrx_word' id='word_1_254' title='bbox 681 2835 789 2885; x_wconf 88' lang='lat' dir='ltr'><strong>Fabrum</strong></span> <span class='ocrx_word' id='word_1_255' title='bbox 802 2838 825 2885; x_wconf 80' lang='lat'><strong>3.</strong></span> <span class='ocrx_word' id='word_1_256' title='bbox 843 2836 950 2885; x_wconf 88' lang='lat' dir='ltr'><strong>Semest.</strong></span> <span class='ocrx_word' id='word_1_257' title='bbox 964 2851 985 2884; x_wconf 91' lang='lat' dir='ltr'><strong>c.</strong></span> <span class='ocrx_word' id='word_1_258' title='bbox 999 2836 1024 2884; x_wconf 89' lang='grc'><strong>4.</strong></span> <span class='ocrx_word' id='word_1_259' title='bbox 1042 2851 1097 2898; x_wconf 78' lang='lat' dir='ltr'><strong>pag.</strong></span> <span class='ocrx_word' id='word_1_260' title='bbox 1109 2837 1149 2885; x_wconf 82' lang='lat'><strong>63.</strong></span> <span class='ocrx_word' id='word_1_261' title='bbox 1169 2837 1201 2885; x_wconf 85' lang='lat' dir='ltr'><strong>ad</strong></span> 
     </span>
     <span class='ocr_line' id='line_1_28' title="bbox 198 2923 1200 2992; baseline -0.004 -14"><span class='ocrx_word' id='word_1_262' title='bbox 198 2928 357 2992; x_wconf 85' lang='lat' dir='ltr'><strong>Marg.-W.</strong></span> <span class='ocrx_word' id='word_1_263' title='bbox 393 2927 495 2976; x_wconf 78' lang='lat' dir='ltr'><strong>Animas</strong></span> <span class='ocrx_word' id='word_1_264' title='bbox 513 2925 573 2975; x_wconf 81' lang='lat' dir='ltr'><strong>duaa</strong></span> <span class='ocrx_word' id='word_1_265' title='bbox 592 2941 638 2974; x_wconf 76' lang='lat' dir='ltr'><strong>uno</strong></span> <span class='ocrx_word' id='word_1_266' title='bbox 657 2926 683 2972; x_wconf 85' lang='lat' dir='ltr'><strong>in</strong></span> <span class='ocrx_word' id='word_1_267' title='bbox 702 2924 821 2988; x_wconf 70' lang='lat' dir='ltr'><strong>corpora]</strong></span> <span class='ocrx_word' id='word_1_268' title='bbox 856 2923 952 2973; x_wconf 86' lang='lat' dir='ltr'><strong>Eadem</strong></span> <span class='ocrx_word' id='word_1_269' title='bbox 973 2923 1057 2987; x_wconf 82' lang='lat' dir='ltr'>phrasi</span> <span class='ocrx_word' id='word_1_270' title='bbox 1077 2923 1154 2973; x_wconf 88' lang='lat' dir='ltr'><strong>Ovid.</strong></span> <span class='ocrx_word' id='word_1_271' title='bbox 1175 2926 1200 2982; x_wconf 83' lang='lat'><strong>4,</strong></span> 
     </span>
     <span class='ocr_line' id='line_1_29' title="bbox 199 3011 1201 3079; baseline -0.003 -14"><span class='ocrx_word' id='word_1_272' title='bbox 199 3017 269 3066; x_wconf 83' lang='lat' dir='ltr'><strong>Fast.</strong></span> <span class='ocrx_word' id='word_1_273' title='bbox 283 3018 340 3066; x_wconf 89' lang='lat'><strong>666.</strong></span> <span class='ocrx_word' id='word_1_274' title='bbox 373 3014 471 3079; x_wconf 78' lang='lat' dir='ltr'><strong>Datque</strong></span> <span class='ocrx_word' id='word_1_275' title='bbox 483 3015 559 3063; x_wconf 75' lang='lat' dir='ltr'><strong>sacris</strong></span> <span class='ocrx_word' id='word_1_276' title='bbox 574 3014 666 3062; x_wconf 72' lang='lat' dir='ltr'><strong>animas</strong></span> <span class='ocrx_word' id='word_1_277' title='bbox 680 3029 727 3062; x_wconf 81' lang='lat' dir='ltr'><strong>una</strong></span> <span class='ocrx_word' id='word_1_278' title='bbox 740 3014 845 3076; x_wconf 81' lang='lat' dir='ltr'><strong>juvenca</strong></span> <span class='ocrx_word' id='word_1_279' title='bbox 860 3011 1008 3061; x_wconf 71' lang='lat' dir='ltr'><strong>duaa-W.</strong></span> <span class='ocrx_word' id='word_1_280' title='bbox 1043 3012 1138 3062; x_wconf 82' lang='lat' dir='ltr'><strong><em>Animoe</em></strong></span> <span class='ocrx_word' id='word_1_281' title='bbox 1153 3029 1201 3076; x_wconf 90' lang='lat' dir='ltr'><strong>pro</strong></span> 
     </span>
     <span class='ocr_line' id='line_1_30' title="bbox 195 3098 1261 3164; baseline -0.002 -12"><span class='ocrx_word' id='word_1_282' title='bbox 195 3104 392 3154; x_wconf 83' lang='lat' dir='ltr'><strong>vitabrutorum.</strong></span> <span class='ocrx_word' id='word_1_283' title='bbox 425 3102 521 3151; x_wconf 87' lang='lat' dir='ltr'><strong>Eadem</strong></span> <span class='ocrx_word' id='word_1_284' title='bbox 533 3100 617 3164; x_wconf 86' lang='lat' dir='ltr'><strong>phrasi</strong></span> <span class='ocrx_word' id='word_1_285' title='bbox 629 3098 708 3148; x_wconf 84' lang='lat' dir='ltr'><strong>utitur</strong></span> <span class='ocrx_word' id='word_1_286' title='bbox 720 3099 794 3149; x_wconf 88' lang='lat' dir='ltr'><strong>Ovid.</strong></span> <span class='ocrx_word' id='word_1_287' title='bbox 812 3099 882 3147; x_wconf 88' lang='lat' dir='ltr'><strong>Fast.</strong></span> <span class='ocrx_word' id='word_1_288' title='bbox 896 3098 946 3156; x_wconf 89' lang='lat' dir='ltr'><strong>IV,</strong></span> <span class='ocrx_word' id='word_1_289' title='bbox 962 3100 1019 3156; x_wconf 92' lang='lat'><strong>666,</strong></span> <span class='ocrx_word' id='word_1_290' title='bbox 1035 3099 1065 3147; x_wconf 88' lang='lat' dir='ltr'><strong>de</strong></span> <span class='ocrx_word' id='word_1_291' title='bbox 1077 3099 1202 3151; x_wconf 75' lang='lat' dir='ltr'><strong>sacrificio</strong></span> <span class='ocrx_word' id='word_1_292' title='bbox 1258 3104 1261 3110; x_wconf 79' lang='grc'><em>’</em></span> 
     </span>
     <span class='ocr_line' id='line_1_31' title="bbox 196 3188 1051 3256; baseline -0.007 -14"><span class='ocrx_word' id='word_1_293' title='bbox 196 3193 301 3256; x_wconf 82' lang='lat' dir='ltr'><strong>gravidae</strong></span> <span class='ocrx_word' id='word_1_294' title='bbox 312 3192 396 3241; x_wconf 85' lang='lat' dir='ltr'>bovis:</span> <span class='ocrx_word' id='word_1_295' title='bbox 421 3190 474 3239; x_wconf 80' lang='lat' dir='ltr'><strong>Del</strong></span> <span class='ocrx_word' id='word_1_296' title='bbox 485 3191 561 3239; x_wconf 77' lang='lat' dir='ltr'><strong>sacris</strong></span> <span class='ocrx_word' id='word_1_297' title='bbox 573 3190 665 3238; x_wconf 79' lang='lat' dir='ltr'><strong>animae</strong></span> <span class='ocrx_word' id='word_1_298' title='bbox 676 3206 723 3238; x_wconf 77' lang='lat' dir='ltr'><strong>cna</strong></span> <span class='ocrx_word' id='word_1_299' title='bbox 736 3197 818 3238; x_wconf 80' lang='lat' dir='ltr'><strong>necata</strong></span> <span class='ocrx_word' id='word_1_300' title='bbox 830 3188 1051 3238; x_wconf 70' lang='lat' dir='ltr'><strong>duaa-Wcans·</strong></span> 
     </span>
    </p>
   </div>
   <div class='ocr_carea' id='block_1_4' title="bbox 194 3344 1202 3593">
    <p class='ocr_par' dir='ltr' id='par_1_4' title="bbox 194 3344 1202 3593">
     <span class='ocr_line' id='line_1_32' title="bbox 247 3344 1202 3422; baseline -0.008 -20"><span class='ocrx_word' id='word_1_301' title='bbox 247 3348 545 3402; x_wconf 74' lang='lat' dir='ltr'><strong>Vaas.65.-1mitatur</strong></span> <span class='ocrx_word' id='word_1_302' title='bbox 568 3348 610 3397; x_wconf 87' lang='lat' dir='ltr'><strong>hic</strong></span> <span class='ocrx_word' id='word_1_303' title='bbox 637 3347 771 3422; x_wconf 63' lang='lat' dir='ltr'><strong>Virgilium</strong></span> <span class='ocrx_word' id='word_1_304' title='bbox 796 3348 888 3411; x_wconf 80' lang='lat' dir='ltr'><strong>Georg.</strong></span> <span class='ocrx_word' id='word_1_305' title='bbox 917 3346 972 3406; x_wconf 94' lang='grc' dir='ltr'><strong>ΙΙΙ,</strong></span> <span class='ocrx_word' id='word_1_306' title='bbox 1001 3347 1062 3396; x_wconf 83' lang='grc'><strong>498;</strong></span> <span class='ocrx_word' id='word_1_307' title='bbox 1098 3344 1202 3395; x_wconf 77' lang='lat' dir='ltr'><strong>Labitur</strong></span> 
     </span>
     <span class='ocr_line' id='line_1_33' title="bbox 195 3435 1201 3505; baseline -0.005 -16"><span class='ocrx_word' id='word_1_308' title='bbox 195 3439 278 3505; x_wconf 75' lang='lat' dir='ltr'><em>infelix</em></span> <span class='ocrx_word' id='word_1_309' title='bbox 292 3438 422 3488; x_wconf 79' lang='lat' dir='ltr'><em>stadiorum</em></span> <span class='ocrx_word' id='word_1_310' title='bbox 437 3445 507 3502; x_wconf 82' lang='lat' dir='ltr'><strong>alque</strong></span> <span class='ocrx_word' id='word_1_311' title='bbox 524 3438 640 3486; x_wconf 85' lang='lat' dir='ltr'><em>immemor</em></span> <span class='ocrx_word' id='word_1_312' title='bbox 653 3435 730 3486; x_wconf 80' lang='lat' dir='ltr'><strong>herboe</strong></span> <span class='ocrx_word' id='word_1_313' title='bbox 747 3437 830 3486; x_wconf 79' lang='lat' dir='ltr'><em>Victor</em></span> <span class='ocrx_word' id='word_1_314' title='bbox 847 3453 927 3500; x_wconf 77' lang='lat' dir='ltr'><strong>equus,</strong></span> <span class='ocrx_word' id='word_1_315' title='bbox 937 3437 1065 3501; x_wconf 66' lang='grc' dir='ltr'><strong>ιᾔριτοεριιε</strong></span> <span class='ocrx_word' id='word_1_316' title='bbox 1076 3435 1201 3494; x_wconf 78' lang='lat' dir='ltr'><strong>avertitur,</strong></span> 
     </span>
     <span class='ocr_line' id='line_1_34' title="bbox 194 3524 714 3593; baseline -0.01 -16"><span class='ocrx_word' id='word_1_317' title='bbox 194 3536 217 3577; x_wconf 82' lang='lat' dir='ltr'><strong>et</strong></span> <span class='ocrx_word' id='word_1_318' title='bbox 226 3527 288 3593; x_wconf 83' lang='lat' dir='ltr'><strong>pede</strong></span> <span class='ocrx_word' id='word_1_319' title='bbox 299 3535 385 3576; x_wconf 81' lang='lat' dir='ltr'><strong>terram</strong></span> <span class='ocrx_word' id='word_1_320' title='bbox 398 3525 488 3576; x_wconf 81' lang='lat' dir='ltr'><strong>Crebra</strong></span> <span class='ocrx_word' id='word_1_321' title='bbox 496 3524 714 3590; x_wconf 74' lang='lat' dir='ltr'><strong>serit.-WEaNs.</strong></span> 
     </span>
    </p>
   </div>
   <div class='ocr_carea' id='block_1_5' title="bbox 190 3672 1202 4004">
    <p class='ocr_par' dir='ltr' id='par_1_5' title="bbox 190 3672 1202 4004">
     <span class='ocr_line' id='line_1_35' title="bbox 245 3672 1202 3742; baseline -0.007 -12"><span class='ocrx_word' id='word_1_322' title='bbox 245 3679 331 3731; x_wconf 74' lang='lat' dir='ltr'><strong>vans.</strong></span> <span class='ocrx_word' id='word_1_323' title='bbox 343 3677 542 3729; x_wconf 82' lang='lat' dir='ltr'><strong>66-Succiduo</strong></span> <span class='ocrx_word' id='word_1_324' title='bbox 555 3676 668 3742; x_wconf 71' lang='lat' dir='ltr'><strong>poplite]</strong></span> <span class='ocrx_word' id='word_1_325' title='bbox 701 3676 777 3726; x_wconf 87' lang='lat' dir='ltr'><strong>Ovid.</strong></span> <span class='ocrx_word' id='word_1_326' title='bbox 797 3677 833 3725; x_wconf 91' lang='lat'><strong>16.</strong></span> <span class='ocrx_word' id='word_1_327' title='bbox 854 3674 962 3724; x_wconf 83' lang='lat' dir='ltr'><strong>Metam.</strong></span> <span class='ocrx_word' id='word_1_328' title='bbox 980 3689 1004 3722; x_wconf 87' lang='lat' dir='ltr'><strong>v.</strong></span> <span class='ocrx_word' id='word_1_329' title='bbox 1019 3674 1075 3723; x_wconf 88' lang='grc'><strong>447.</strong></span> <span class='ocrx_word' id='word_1_330' title='bbox 1111 3673 1149 3721; x_wconf 79' lang='lat' dir='ltr'><strong>At</strong></span> <span class='ocrx_word' id='word_1_331' title='bbox 1166 3672 1202 3723; x_wconf 83' lang='lat' dir='ltr'><strong>illi</strong></span> 
     </span>
     <span class='ocr_line' id='line_1_36' title="bbox 190 3760 1196 3833; baseline -0.005 -17"><span class='ocrx_word' id='word_1_332' title='bbox 190 3761 281 3833; x_wconf 83' lang='lat' dir='ltr'><strong>p6plile</strong></span> <span class='ocrx_word' id='word_1_333' title='bbox 299 3767 410 3817; x_wconf 80' lang='lat' dir='ltr'><strong>succiduo</strong></span> <span class='ocrx_word' id='word_1_334' title='bbox 426 3784 504 3832; x_wconf 73' lang='lat' dir='ltr'><strong>yemm</strong></span> <span class='ocrx_word' id='word_1_335' title='bbox 521 3764 745 3814; x_wconf 72' lang='lat' dir='ltr'><strong>intremuere—W.</strong></span> <span class='ocrx_word' id='word_1_336' title='bbox 782 3763 911 3821; x_wconf 80' lang='lat' dir='ltr'><strong><em>Succiduo,</em></strong></span> <span class='ocrx_word' id='word_1_337' title='bbox 930 3762 1038 3822; x_wconf 80' lang='lat' dir='ltr'><strong>labante,</strong></span> <span class='ocrx_word' id='word_1_338' title='bbox 1055 3760 1196 3811; x_wconf 84' lang='lat' dir='ltr'><strong>vacillante.</strong></span> 
     </span>
     <span class='ocr_line' id='line_1_37' title="bbox 197 3848 1197 3917; baseline -0.005 -15"><span class='ocrx_word' id='word_1_339' title='bbox 197 3854 273 3904; x_wconf 86' lang='lat' dir='ltr'><strong>Ovid.</strong></span> <span class='ocrx_word' id='word_1_340' title='bbox 289 3854 355 3902; x_wconf 88' lang='lat' dir='ltr'><strong>Met.</strong></span> <span class='ocrx_word' id='word_1_341' title='bbox 373 3853 409 3911; x_wconf 92' lang='lat' dir='ltr'><strong>X,</strong></span> <span class='ocrx_word' id='word_1_342' title='bbox 427 3856 487 3902; x_wconf 80' lang='lat'>458:</span> <span class='ocrx_word' id='word_1_343' title='bbox 513 3851 613 3916; x_wconf 78' lang='lat' dir='ltr'><strong>Poplile</strong></span> <span class='ocrx_word' id='word_1_344' title='bbox 623 3852 733 3901; x_wconf 77' lang='lat' dir='ltr'><strong>succiduo</strong></span> <span class='ocrx_word' id='word_1_345' title='bbox 743 3867 821 3917; x_wconf 77' lang='lat' dir='ltr'><strong>qenua</strong></span> <span class='ocrx_word' id='word_1_346' title='bbox 833 3852 978 3899; x_wconf 80' lang='lat' dir='ltr'><strong>intremuere.</strong></span> <span class='ocrx_word' id='word_1_347' title='bbox 1012 3849 1100 3901; x_wconf 74' lang='lat' dir='ltr'><strong>Claud.</strong></span> <span class='ocrx_word' id='word_1_348' title='bbox 1119 3848 1197 3912; x_wconf 82' lang='lat' dir='ltr'><strong>Rapt.</strong></span> 
     </span>
     <span class='ocr_line' id='line_1_38' title="bbox 195 3939 931 4004; baseline -0.004 -14"><span class='ocrx_word' id='word_1_349' title='bbox 195 3941 269 3991; x_wconf 82' lang='lat' dir='ltr'><strong>Pras.</strong></span> <span class='ocrx_word' id='word_1_350' title='bbox 283 3941 336 3998; x_wconf 90' lang='grc' dir='ltr'><strong>ΙΙΙ,</strong></span> <span class='ocrx_word' id='word_1_351' title='bbox 356 3941 413 3989; x_wconf 76' lang='lat'>15³:</span> <span class='ocrx_word' id='word_1_352' title='bbox 442 3939 559 3989; x_wconf 81' lang='lat' dir='ltr'><strong>Succidui</strong></span> <span class='ocrx_word' id='word_1_353' title='bbox 569 3939 671 3988; x_wconf 80' lang='lat' dir='ltr'><strong>titubant</strong></span> <span class='ocrx_word' id='word_1_354' title='bbox 679 3939 931 4004; x_wconf 75' lang='lat' dir='ltr'><strong>yrecsus.-WcaNs.</strong></span> 
     </span>
    </p>
   </div>
   <div class='ocr_carea' id='block_1_6' title="bbox 154 4085 1198 4155">
    <p class='ocr_par' dir='ltr' id='par_1_6' title="bbox 154 4085 1198 4155">
     <span class='ocr_line' id='line_1_39' title="bbox 154 4085 1198 4155; baseline -0.003 -12"><span class='ocrx_word' id='word_1_355' title='bbox 154 4105 165 4120; x_wconf 81' lang='lat'><strong><em>‘</em></strong></span> <span class='ocrx_word' id='word_1_356' title='bbox 244 4093 329 4144; x_wconf 78' lang='lat' dir='ltr'><strong>VERS.</strong></span> <span class='ocrx_word' id='word_1_357' title='bbox 342 4090 474 4141; x_wconf 63' lang='lat' dir='ltr'><strong>(ie-Lea·</strong></span> <span class='ocrx_word' id='word_1_358' title='bbox 489 4091 615 4155; x_wconf 79' lang='lat' dir='ltr'><strong>compede]</strong></span> <span class='ocrx_word' id='word_1_359' title='bbox 653 4091 759 4141; x_wconf 88' lang='lat' dir='ltr'><strong>Nonnus</strong></span> <span class='ocrx_word' id='word_1_360' title='bbox 771 4093 796 4140; x_wconf 87' lang='lat' dir='ltr'><strong>in</strong></span> <span class='ocrx_word' id='word_1_361' title='bbox 810 4085 901 4141; x_wconf 83' lang='lat' dir='ltr'><strong>Johan.</strong></span> <span class='ocrx_word' id='word_1_362' title='bbox 917 4107 938 4139; x_wconf 90' lang='lat' dir='ltr'><strong>c.</strong></span> <span class='ocrx_word' id='word_1_363' title='bbox 952 4092 975 4140; x_wconf 92' lang='grc'><strong>4.</strong></span> <span class='ocrx_word' id='word_1_364' title='bbox 994 4107 1017 4141; x_wconf 88' lang='lat' dir='ltr'><strong>v.</strong></span> <span class='ocrx_word' id='word_1_365' title='bbox 1031 4093 1088 4142; x_wconf 75' lang='lat'><strong>23³.</strong></span> <span class='ocrx_word' id='word_1_366' title='bbox 1107 4092 1198 4155; x_wconf 68' lang='grc' dir='ltr'>νωθρὰ</span> 
     </span>
    </p>
   </div>
   <div class='ocr_carea' id='block_1_7' title="bbox 0 0 1404 4740">
    <p class='ocr_par' dir='ltr' id='par_1_7' title="bbox 0 0 1404 4740">
     <span class='ocr_line' id='line_1_40' title="bbox 0 0 1404 4740; baseline 0 1"><span class='ocrx_word' id='word_1_367' title='bbox 0 0 1404 4740; x_wconf 95' lang='lat' dir='ltr'><strong> </strong></span> 
     </span>
    </p>
   </div>
  </div>
 </body>
</html>
