2798 4740
620 422 733 465 uorm.
1136 400 1174 462 51
1270 458 1284 473 ,

180 581 268 644 Haupt
284 581 375 645 gelegt‚
396 599 451 631 cum
467 583 522 646 quis
538 591 632 632 naturae
646 582 768 646 persolvit
784 581 903 640 debitum,
924 589 950 631 et
968 580 1015 630 ivit
1030 580 1100 639 Illuc,
1119 582 1180 630 uude

174 677 262 732 nepaut
277 669 354 718 redire
372 687 517 734 quemquam.
557 671 632 720 Ouid.
647 673 671 720 6.
693 671 715 719 F
716 678 764 720 est.
779 687 802 719 v.
817 671 871 721 754.
892 670 922 718 de
937 670 1087 733 Hippolyto,
1105 685 1179 733 quem

178 755 341 819 AEscuapius
355 759 382 806 in
396 759 473 808 vitam
488 767 600 808 revocat:
626 758 770 824 Depositum
786 758 849 807 terrd
864 757 959 807 sustulit
972 757 1009 806 ille
1020 757 1177 822 caput-W.

225 933 310 984 vars.
326 934 505 984 54.—Darnnis
518 936 606 999 quippe
617 935 664 982 tuis
674 950 721 982 nou
732 949 798 982 seeus
809 949 838 982 ae
849 934 927 997 meis]
948 931 1023 992 Quia,
1040 931 1179 981 Prudentis

176 1028 289 1078 canente,

472 1105 548 1115 —
562 1084 610 1124 Lea
623 1084 697 1124 eadem
709 1087 778 1124 monet
791 1094 862 1124 omues

480 1158 586 1198 Genuum
600 1159 654 1197 dare
666 1161 726 1198 rorte
738 1157 776 1197 sub
789 1169 840 1197 una.

177 1286 348 1337 Cethem.10.
387 1286 431 1343 Et,
452 1286 537 1336 Cuivis
551 1295 630 1351 potest
645 1287 757 1346 accidere,
777 1288 842 1351 quod
854 1289 964 1351 cuiquam
978 1295 1065 1352 potest.
1103 1287 1178 1347 Quod

174 1388 226 1421 non
243 1372 358 1436 ignoraus
374 1372 473 1424 Callian
491 1373 556 1436 apud
578 1373 794 1436 Euphormionem
814 1373 964 1422 Lusininum
983 1375 1010 1422 in
1029 1373 1102 1424 Satir.
1120 1390 1176 1438 pag.

174 1461 214 1509 42.
233 1460 318 1510 literas
333 1460 364 1508 ad
378 1459 515 1509 Fibullium
531 1460 646 1519 amicum,
667 1476 698 1509 ex
711 1461 806 1511 calculo
820 1476 921 1524 ugrum,
941 1461 967 1509 in
983 1461 1036 1510 haec
1052 1461 1179 1524 conscrip-

177 1547 211 1596 sit
222 1547 307 1596 verbs:
332 1547 406 1606 Quod
416 1549 543 1598 amantium
554 1549 654 1613 spiritus
662 1547 738 1597 alieno
747 1566 788 1598 ore
798 1549 932 1608 trahantur,
947 1566 994 1598 mou
1005 1548 1087 1598 alienis
1095 1549 1177 1613 potiris

174 1633 285 1698 euemplis
296 1635 376 1693 didici,
394 1636 465 1698 quum
475 1637 526 1699 ipse
537 1635 666 1700 exemplum
677 1652 836 1701 essepossum.
876 1637 997 1696 Quamdiu
1008 1637 1102 1686 uolebas
1112 1639 1178 1687 iaco-

173 1721 249 1781 lumis,
266 1725 291 1772 in
303 1731 325 1772 te
340 1724 405 1772 uiui.-
432 1724 524 1786 afflicti
536 1725 577 1773 tud
590 1724 721 1774 valetudine
732 1727 758 1774 eo
769 1727 838 1774 etiam
850 1724 907 1790 plus
918 1724 989 1783 dolui,
1007 1724 1071 1789 quid
1080 1727 1117 1773 tui
1125 1741 1179 1774 cor-

170 1810 240 1872 poris
248 1810 363 1874 apritudo
375 1819 470 1859 mentem
478 1828 551 1860 meam
561 1812 692 1871 sauciabat,
707 1820 750 1861 eto.
778 1812 846 1863 Vide
858 1812 963 1860 eundem
975 1827 1030 1875 pag.
1047 1811 1177 1861 leo-W.

224 1984 308 2036 Vuae.
329 1985 473 2037 58.-Nam
494 1986 596 2035 solamen
618 1989 692 2052 erat]
724 1986 787 2051 Spes
806 1986 910 2036 stimulat
928 2003 1018 2050 semper
1037 1987 1127 2034 animos
1146 1985 1179 2034 ad

164 2072 264 2135 futuro,
292 2081 315 2121 et
340 2073 479 2137 afflictiones
501 2081 630 2138 presentes
653 2074 730 2123 reddit
755 2074 939 2124 tolerabiliores:
974 2082 1003 2124 ut
1030 2074 1117 2124 scribit
1144 2074 1176 2123 P.

175 2158 315 2209 Mattheus
325 2158 369 2209 lib.
383 2175 401 2208 1.
415 2176 471 2224 pag.
484 2163 524 2210 57.
555 2160 593 2210 Et
603 2160 668 2210 libro
678 2163 703 2211 2.
721 2177 775 2224 pag.
793 2162 846 2213 184.
879 2162 931 2226 Spe
941 2161 1002 2210 nau
1014 2169 1049 2210 est
1059 2162 1178 2224 efficacius

173 2244 208 2294 ad
221 2246 373 2310 rumpendam
384 2248 555 2312 impatientiam
566 2249 726 2312 impetuosam,
744 2257 767 2298 et
777 2249 942 2299 sublevandam
953 2248 1069 2298 lominum
1083 2246 1179 2298 lassitu-

174 2335 337 2384 dinem-W.

224 2485 310 2538 Vens.
323 2486 435 2537 59.-si
442 2489 529 2553 fletura
538 2488 627 2554 daret]
645 2488 736 2538 Fetura
747 2489 773 2537 in
785 2504 875 2552 pecore
886 2488 985 2547 dicitur,
999 2497 1028 2538 ut
1036 2488 1063 2536 iu
1075 2487 1178 2537 muliere

173 2574 343 2637 puerperium.
381 2574 477 2627 Varro:
504 2577 589 2627 Altera
604 2594 667 2642 pars
685 2585 727 2636 est,
749 2579 775 2626 in
785 2577 870 2643 seturd
889 2593 941 2640 quae
959 2577 1008 2625 siut
1024 2575 1178 2634 obseruanda,

173 2661 237 2725 quod
255 2661 303 2711 alia
322 2663 368 2712 alio
386 2672 488 2729 tempore
506 2683 595 2730 parere
612 2666 677 2715 solet.
717 2666 791 2714 Unde
811 2674 837 2715 et
853 2667 923 2730 setae,
946 2681 1001 2729 quae
1020 2673 1177 2728 pepererunt,

173 2747 297 2798 dicuntur.
330 2750 538 2812 virgil-Lenta
556 2752 620 2802 salia
629 2754 684 2818 seta
699 2755 789 2817 pecori.
826 2752 915 2815 Itaque
930 2759 1012 2801 emant
1027 2752 1135 2811 Servius,
1153 2760 1180 2802 et

173 2835 285 2899 quieum
299 2846 446 2900 sequuntur,
464 2840 508 2903 qui
523 2839 588 2890 fetas
603 2841 716 2904 gravidas
731 2840 865 2904 accipiunt.
903 2841 997 2892 Varro:
1028 2840 1089 2900 Quae
1103 2848 1180 2889 osten-

171 2925 254 2974 derent
268 2935 363 2975 nostras
371 2929 447 2992 filas,
465 2945 517 2992 quae
531 2930 556 2976 iu
570 2930 679 2992 canopeis
687 2930 771 2993 jacent
783 2929 834 2978 dies
846 2929 943 2993 aliquot,
960 2945 1009 2977 esse
1023 2929 1143 2994 ejuneidas
1157 2937 1180 2977 et

172 3015 357 3064 contemnendas.
394 3016 445 3065 Est
463 3024 489 3066 et
500 3019 586 3082 setara
599 3017 725 3066 interdum
740 3016 809 3066 fetus
822 3018 876 3080 ipse
882 3037 890 3077 ;
914 3025 942 3066 ut
956 3017 1029 3080 Virg.
1043 3019 1067 3066 7.
1088 3015 1179 3079 Eclog.

176 3103 208 3152 Si
221 3105 308 3168 fetura
323 3121 417 3170 prepem
433 3105 583 3169 suppleverit.
619 3105 730 3155 Turneb.
750 3113 811 3155 tom.
829 3121 846 3153 1.
869 3121 924 3168 pag.
942 3107 997 3155 387.
1033 3103 1113 3153 Refer
1129 3105 1179 3153 hue

172 3191 217 3240 illa
231 3192 341 3242 Salviani
352 3193 397 3243 lib.
410 3194 434 3242 4.
450 3194 480 3243 de
491 3193 620 3257 gubernat.
657 3191 720 3242 Dei:
750 3193 801 3253 Qui
812 3194 881 3242 initia
890 3209 987 3258 yrepum
994 3200 1129 3257 praeparat,
1146 3193 1180 3242 ad

172 3279 216 3328 hoo
231 3288 314 3344 parat,
332 3287 358 3328 ut
373 3297 455 3329 curam
472 3280 655 3345 multiplicandis
672 3281 784 3346 prepibus
801 3280 1007 3345 impendat-W.
1043 3279 1134 3329 Fetura
1151 3282 1178 3328 iu

172 3382 263 3429 pecore
278 3366 377 3426 dieitur,
395 3369 462 3431 qaod
479 3367 505 3416 iu
523 3368 627 3417 muliere
644 3369 812 3432 puerperium,
833 3376 887 3418 tum
901 3369 956 3432 ipse
974 3368 1041 3418 fetus
1057 3369 1178 3418 animulis.

176 3453 258 3505 Varro
278 3454 309 3503 L.
330 3455 361 3504 L.
381 3456 418 3513 II,
442 3470 459 3512 r,
479 3457 516 3504 18.
555 3455 624 3503 Hinc
632 3456 694 3519 fetce
711 3470 761 3504 non
781 3454 863 3503 solum
882 3454 995 3517 gravidae,
1018 3456 1063 3503 sed
1080 3463 1106 3506 et
1123 3472 1178 3518 quae

172 3551 330 3604 pepererunt.
356 3542 391 3595 V.
417 3543 534 3606 Calpurn.
559 3543 596 3590 II.
615 3543 655 3592 47.
693 3542 728 3593 V.
749 3544 781 3591 36
799 3550 825 3590 et
844 3543 884 3592 38.
920 3542 1016 3591 Statius
1037 3543 1119 3593 Theb.
1141 3544 1177 3604 X,

172 3629 234 3678 229:
265 3629 314 3678 Cui
321 3631 408 3698 fitero
424 3647 518 3695 prepem
532 3646 645 3694 pecoroso
663 3646 717 3678 aere
733 3631 837 3678 remoavit.
876 3628 958 3681 Varro
977 3627 1052 3678 etiam
1069 3628 1177 3680 feturam

174 3716 307 3767 humanam
319 3718 436 3782 appellet,
453 3719 497 3769 lib.
514 3718 551 3777 II,
572 3720 609 3777 10,
626 3718 798 3767 6.—Wuaus.

226 3866 473 3967 Venutii-Quis
488 3913 545 3945 uera
561 3897 657 3961 putett]
696 3894 973 3945 Ovid.Pont.4.10.
1011 3895 1091 3955 Quam
1109 3897 1179 3945 miser

173 3993 218 4042 est,
235 3986 277 4049 qui
289 3988 343 4050 fert
358 3987 480 4048 asperiora
494 3984 625 4046 fidel-S.
659 3983 824 4048 Propeniem.]
854 3986 971 4034 καλεῖται
988 3985 1038 4049 γὰρ
1060 3989 1112 4034 τῶν
1131 3986 1178 4049 μὲν

174 4073 248 4134 βοῶν
260 4075 292 4127 ,τὰ
306 4073 360 4131 νέα,
377 4073 472 4138 μόσχοι
490 4071 582 4122 Pollux
596 4071 640 4121 lib.
658 4087 676 4119 1.
693 4087 746 4143 cap.
765 4072 802 4121 12.
823 4082 883 4122 sect.
901 4075 938 4122 19.
975 4072 1015 4122 Ita
1030 4072 1137 4131 Horatio
1152 4075 1175 4122 3.

175 4174 250 4209 carm.
267 4161 304 4210 13.
335 4160 436 4210 Laseiai
446 4159 536 4209 suboles
545 4161 632 4224 prepis,
650 4158 730 4207 hedus
742 4160 868 4209 est-W.
928 4223 969 4265 G2

1208 4358 1332 4466 Ι
