2798 4740
610 446 803 512 SANCTO.
1167 453 1206 516 15

201 630 339 694 nominis
351 653 369 694 6
382 631 482 695 veteri
494 633 645 701 memoria
656 633 830 717 productis.
875 632 993 699 Nullus
1007 633 1122 699 horum
1135 658 1207 720 cog-

201 751 354 804 nomento
375 740 590 804 Endelechius
611 752 750 806 vocatur.
797 742 905 807 Quam
922 753 1031 807 autem
1050 745 1207 810 rationem

201 852 294 935 sequi
323 851 409 914 docti
437 852 497 915 viri
530 851 564 913 in
593 851 791 914 Endelechio
828 874 901 915 cmn
936 852 1054 916 Severo
1088 854 1206 919 Sancto

201 961 433 1024 commiscendo
459 961 635 1044 potuerint,
671 961 820 1045 equidem
845 984 911 1023 non
938 963 1106 1047 perspicio,
1143 965 1206 1027 nisi
1235 1032 1246 1065 x

202 1071 335 1155 aequalis
347 1073 515 1155 utriusque
528 1081 606 1135 aetas
618 1070 691 1135 fuit.
736 1071 822 1134 Nam
835 1071 987 1155 Olybrius
1000 1082 1033 1136 et
1046 1072 1205 1136 Probinus

202 1174 379 1256 Consules,¹
400 1179 516 1263 quibus
540 1179 656 1243 Romae
681 1179 791 1243 docuit
814 1180 1041 1257 EndelechiuS,
1071 1181 1205 1245 fuemmt

202 1288 246 1352 A.
275 1288 311 1353 C.
339 1288 535 1366 CCCXCV,
563 1290 653 1373 cujus
677 1290 753 1352 anni
777 1289 870 1353 initio
896 1291 1093 1355 Theodosius
1119 1292 1203 1376 Imp.

202 1397 347 1474 decessit,
355 1376 368 1382 ,.
378 1420 474 1480 quem
493 1397 688 1460 laudandum
711 1397 765 1460 ille
791 1398 927 1461 Paulino
951 1399 1203 1464 commendabat.

202 1505 250 1570 Et
280 1506 433 1570 Severum
471 1506 634 1584 Sanctum,
678 1507 824 1569 carminis
852 1507 990 1571 bucolici
1029 1518 1201 1586 auctorem,

202 1616 424 1679 Theodosiano
446 1640 514 1679 aevo
536 1618 665 1693 vixisse,
689 1639 762 1680 cum
780 1639 823 1680 ex
844 1626 1033 1700 argumento
1054 1619 1122 1701 ejus
1137 1639 1204 1680 car·

199 1727 294 1790 minis
315 1727 523 1789 demonstrari
543 1737 661 1810 potest,
686 1737 756 1789 tum
777 1727 850 1789 inde
869 1727 984 1808 colligi,
1009 1727 1095 1809 quod
1119 1727 1204 1789 idem

202 1833 339 1898 Sanctus
354 1834 516 1898 familiaris
539 1834 668 1897 Paulini
684 1833 782 1897 fuisse
796 1834 931 1910 videtur,
956 1834 996 1896 ad
1011 1857 1106 1916 quem
1121 1837 1203 1918 epis-

200 1943 267 2006 tola
283 1943 411 2007 XXVI
426 1944 546 2006 scribit.
593 1943 756 2006 Praeterea
771 1943 905 2006 rhetoris
922 1953 956 2007 et
972 1955 1078 2027 poetae
1095 1944 1202 2007 Chris-

199 2053 279 2116 tiani
305 2053 454 2136 elogium,
492 2053 519 2115 si
546 2053 580 2115 in
605 2053 711 2116 fronte
739 2054 895 2129 carminis,
936 2053 1022 2136 quod
1052 2053 1202 2118 Pithoeus

199 2162 325 2237 edebat,
350 2161 467 2224 Severo
490 2160 608 2225 Sancto
622 2184 695 2224 vere
717 2163 899 2246 appositum
920 2162 994 2239 fuit,
1017 2163 1103 2226 forte
1128 2188 1202 2228 cau-

199 2293 268 2333 sam
296 2269 435 2353 aliquam
472 2271 613 2354 praebuit
645 2271 746 2343 doctis
774 2272 859 2347 111116,
897 2282 936 2335 111
970 2273 1202 2338 Endelechium

198 2379 360 2442 rhetorem
371 2380 435 2442 huc
447 2379 612 2444 referrent.
648 2381 772 2445 Verum
785 2381 950 2458 Paulinus,
965 2382 1020 2465 qui
1033 2385 1201 2467 utriusque

198 2487 356 2564 meminit,
393 2511 447 2551 eos
473 2489 555 2552 clare
584 2489 762 2571 distinguit,
800 2512 858 2553 suo
888 2513 1047 2573 quemque
1073 2493 1202 2554 nomine

197 2597 326 2680 proprio
353 2597 525 2681 appellans.
585 2598 632 2661 Et
658 2599 781 2684 reliqua
811 2621 920 2662 eorum
948 2603 1024 2662 sunt
1053 2601 1198 2683 disparia.

200 2706 287 2769 Nam
306 2707 521 2771 Endelechius
541 2708 657 2771 Romae
678 2710 814 2785 vivebat,
848 2708 982 2772 Severus
1005 2708 1139 2773 Sanctus
1165 2712 1200 2774 in

201 2817 318 2881 Gallia.
365 2818 424 2881 Ille
445 2819 634 2882 rhetoricam
655 2819 770 2881 Romae
793 2819 937 2895 docebat,
959 2818 1012 2881 hic
1034 2842 1074 2881 an
1092 2818 1201 2883 rhetor

197 2949 341 3010 unquam
362 2927 470 3004 fuerit,
499 2928 633 2991 dubium
656 2936 714 3003 est,
746 2938 831 2991 certe
854 2928 917 2990 fuit
942 2927 1198 3008 BurdegalensiS‚

198 3058 264 3098 non
277 3036 453 3113 Romanus,
473 3059 570 3121 seque
582 3038 617 3100 in
627 3037 734 3101 Gallia
745 3037 915 3120 scripsisse,
934 3036 968 3099 in
980 3036 1049 3120 ipso
1061 3037 1199 3100 carmine

197 3144 314 3229 prodit,
330 3145 387 3207 ubi
398 3145 485 3207 luem
496 3146 595 3209 boum
606 3146 715 3208 scribit
728 3155 802 3209 ante
816 3145 931 3228 Belgas
943 3142 1092 3222 vastasse,
1113 3169 1200 3210 nunc

198 3252 296 3316 etiam
310 3253 350 3315 ad
363 3253 531 3337 populares
547 3277 619 3317 suos
632 3255 803 3317 transiisse.
849 3254 895 3317 Et
910 3256 936 3317 si
948 3254 1094 3338 pluribus
1106 3276 1200 3338 argu-

197 3363 314 3425 mentis
326 3363 494 3426 discrimen
504 3362 613 3427 Sancti
626 3374 659 3427 et
671 3363 860 3427 Endelechii
872 3364 1007 3446 probare
1019 3386 1084 3425 non
1093 3364 1198 3440 datur,

197 3472 284 3556 quod
298 3494 368 3535 rara
381 3473 548 3557 utriusque
563 3473 683 3535 mentio
698 3472 783 3556 apud
796 3483 918 3535 veteres
933 3472 1100 3554 reperitur,
1123 3473 1199 3535 satis

197 3589 305 3643 tamen
318 3581 389 3643 haec
403 3581 555 3645 valebunt
570 3582 610 3644 ad
630 3582 761 3644 alteram
782 3581 973 3664 opinionem,
998 3603 1071 3663 quae
1096 3580 1197 3644 diver-

196 3709 305 3751 sorum
329 3689 458 3752 nomina
476 3690 534 3752 imi
556 3689 677 3752 homini
700 3689 824 3765 tribuit,
859 3709 918 3750 nec
937 3687 1003 3750 ullo
1030 3689 1198 3752 vetustatis

196 3797 379 3860 testimonio
393 3797 518 3874 nititur,
541 3798 754 3883 rejiciendam.
801 3797 877 3864 Quo
891 3799 991 3880 magis
1005 3799 1122 3862 mirum
1137 3808 1197 3876 est,

194 3903 298 3968 levem
324 3909 539 3991 conjecturam
567 3907 700 3984 Pithoei‚
730 3908 936 3992 inscriptione
963 3909 1110 3972 carminis
1141 3932 1198 3972 ex-

194 4035 345 4097 pressam,
371 4017 415 4079 sic
438 4017 587 4101 amplecti
609 4040 717 4082 omnes
738 4017 805 4081 fere
827 4019 967 4083 eruditos
984 4020 1137 4102 potuisse,
1153 4030 1199 4083 111

195 4145 261 4187 non
272 4126 374 4189 solum
388 4127 444 4209 qui
456 4128 560 4191 obiter
573 4129 641 4211 ejus
654 4128 799 4193 carminis
811 4129 1005 4218 mentionem
1017 4129 1197 4212 injicerent,
