2798 4740
197 411 240 473 54
640 432 752 476 norm.

198 593 268 640 etiam
275 599 402 655 prosecuta
413 599 448 640 est
458 591 598 657 defunctum.
628 592 700 655 Virg.
714 592 818 641 AEneid.
851 591 1083 656 —Aninomque
1093 593 1201 656 sepulcro

202 679 338 729 Caudinus.
371 679 439 729 Plin.
450 680 493 729 lib.
509 683 531 730 7.
546 695 567 728 c.
578 681 615 728 l6.
645 679 755 744 Corpora
766 682 817 745 ejus
827 679 934 729 miraculi
942 682 1023 745 protid
1035 682 1060 729 in
1070 681 1201 730 conditorio

200 766 400 818 Sallustianorum
421 768 608 817 odamnbontur
630 768 836 818 hortorum-W.
880 767 1007 833 Lumina]
1050 769 1084 821 V.
1109 769 1143 817 N.
1169 768 1201 817 ad

200 853 286 906 Valet.
308 855 390 904 Flacc.
409 854 453 904 lib.
470 871 487 904 1.
504 871 568 905 vers.
584 856 716 907 roa-W.
750 855 853 913 conditu,
877 855 960 904 clausa
977 863 1064 905 morte.
1104 855 1198 918 Virgil.

201 940 234 992 G.
255 941 306 1000 IV,
325 944 386 993 496:
413 942 536 1008 conditque
552 945 661 993 nutantia
677 943 765 993 lumino
780 960 884 992 somnum
919 943 990 992 Male
1007 943 1057 991 huc
1075 943 1201 992 Weitzius

196 1038 270 1081 vocat
279 1029 355 1081 ritum
367 1039 477 1080 veterem
489 1047 564 1080 mauu
575 1031 696 1081 condendi
707 1031 867 1081 morientium
879 1031 1131 1080 lumina-Wanus.

248 1206 333 1259 Vena.
350 1206 536 1272 75.-Mu9itda
550 1207 662 1272 iterans]
694 1206 779 1260 Valer.
797 1206 889 1257 Flacco
903 1207 929 1255 id
946 1214 986 1257 est
998 1206 1043 1256 lib.
1056 1208 1080 1256 8.
1100 1223 1123 1256 v.
1139 1209 1197 1258 457.

195 1296 292 1345 trahere
308 1295 414 1359 suspiria
427 1310 521 1344 vaccas.
559 1294 599 1343 De
614 1309 694 1343 vaccae
708 1309 792 1343 amore
807 1295 833 1343 in
849 1294 938 1353 fetum,
955 1294 991 1344 ita
1005 1294 1135 1346 Claudiam.
1152 1295 1197 1345 lib.

197 1397 215 1431 1.
233 1383 264 1432 de
275 1391 347 1447 raptu
359 1399 382 1432 v.
398 1381 597 1434 lta-Vitularia
608 1399 655 1431 non
666 1381 774 1431 blandius
785 1382 857 1433 ambit

388 1510 459 1550 Toron
470 1518 558 1560 ponens,
569 1508 659 1560 peditus
672 1518 718 1559 pue
730 1508 821 1548 nondun
833 1509 933 1560 preterit
946 1520 1009 1558 aruo,

385 1584 433 1623 Neo
445 1594 501 1624 noua
513 1583 592 1623 lunate
605 1583 705 1623 curuavit
715 1583 815 1635 permina
821 1582 914 1633 frontis.

199 1705 254 1754 Adi
274 1705 376 1754 Lucret.
397 1704 441 1754 lib.
462 1705 486 1753 2.
512 1720 575 1754 vers.
594 1707 649 1755 352.
689 1706 798 1769 Oppiam
824 1706 937 1757 Halieut.
960 1723 977 1756 1.
1003 1723 1066 1757 vers.
1089 1709 1144 1759 724.
1174 1716 1201 1758 et

201 1795 321 1859 Cyneget.
335 1796 358 1844 3.
373 1809 396 1842 v.
407 1795 461 1844 107.
476 1802 502 1844 et
513 1810 581 1857 seqq.
597 1795 681 1846 Coint
699 1795 796 1859 Smyrn.
807 1795 825 1845 l.
840 1799 863 1846 7.
875 1812 898 1844 v.
912 1797 965 1846 154.
980 1796 1022 1844 ubi
1033 1796 1200 1853 Deidamiam,

199 1882 362 1946 Neoptolemi
373 1881 483 1932 discessu
495 1883 642 1946 plorantem,
659 1884 757 1933 confert
768 1900 824 1933 cum
835 1885 916 1943 vacce,
933 1883 1035 1934 vitulam
1047 1884 1201 1947 requirente.

199 1968 237 2019 Et
258 1969 435 2019 Andromache
454 1970 520 2033 apud
542 1970 648 2019 eundem
670 1971 714 2020 lib.
738 1972 774 2020 18.
800 1988 823 2020 v.
845 1972 902 2021 258.
929 1971 1016 2020 itidem
1039 1979 1201 2034 comparatur

196 2072 285 2116 vaccae,

374 2143 418 2205 ἣδε
434 2143 486 2192 tto
503 2143 605 2208 γοόωσα
621 2146 697 2210 φίλον
714 2145 786 2204 τέκος
803 2146 869 2196 ἔνθα
886 2147 928 2195 καὶ
945 2145 1019 2204 ἔνθα,

373 2233 459 2295 μακρὰ
476 2232 713 2296 resumption—W.

199 2368 285 2432 Mugit
296 2384 370 2418 vacca
381 2369 467 2419 dolore
478 2378 504 2420 et
515 2370 637 2420 desiderio
648 2371 734 2420 amissi
746 2371 828 2421 vituli.
859 2370 934 2421 ovid.
950 2370 1024 2419 Rem.
1038 2371 1097 2419 183:
1121 2369 1201 2419 Parte

196 2466 283 2508 sonant
296 2458 344 2509 olio
357 2458 423 2509 silue
435 2460 561 2525 mupitibua
575 2458 637 2518 altu,
657 2460 693 2508 Et
707 2461 813 2523 queritur
827 2458 924 2508 uitulum
938 2466 1013 2508 muter
1028 2458 1107 2508 abesse
1119 2475 1196 2507 suunt

199 2546 269 2595 Idem
286 2546 356 2596 Faat.
375 2546 426 2603 IV,
449 2547 510 2597 459:
542 2547 576 2596 Ut
589 2546 661 2596 uitulo
675 2548 750 2611 nupit
762 2563 807 2595 suu
823 2553 897 2595 mater
911 2545 941 2596 ab
961 2545 1030 2595 ubere
1044 2552 1123 2608 rapto.
1160 2544 1196 2597 V.

200 2634 272 2698 Calp.
286 2633 319 2684 Ε.
336 2635 388 2694 IX,
406 2634 594 2684 32.-Wsaus.

247 2807 332 2860 Vates.
345 2809 455 2859 tet-Et
465 2809 537 2858 uoluit
548 2811 629 2875 mori]
657 2809 726 2862 Vide
738 2811 855 2875 στοργήν
867 2812 977 2875 φυσικὴν
989 2809 1024 2868 sic
1036 2811 1068 2858 τὰ
1081 2809 1159 2860 τέκνα
1170 2809 1198 2859 in

196 2896 276 2946 brutis
293 2897 376 2956 etiam,
397 2905 423 2947 et
440 2898 597 2962 obstupesce.
635 2898 704 2948 Eum
717 2898 745 2947 in
763 2914 863 2947 sensum
879 2897 1001 2962 elegantia
1016 2906 1074 2947 sunt
1091 2898 1199 2948 Diodori

196 2984 272 3035 verba
280 2984 325 3034 lib.
336 2985 360 3034 2.
378 2985 500 3035 Biblioth.
515 2986 602 3051 ἀγαθὴ
616 2986 632 3047 ἡ
645 2986 719 3051 φύσις
731 2985 884 3044 διδάσκαλος
895 2988 980 3036 ἅπασι
991 2990 1046 3044 τοῖς
1058 2987 1132 3044 ζώοις
1144 2987 1200 3036 ἐστὶ

197 3074 263 3138 πρὸς
274 3072 427 3139 διατήρησιν
439 3073 468 3123 οὐ
479 3073 562 3138 μόνον
575 3074 683 3131 ἑαυτῶν,
701 3073 770 3123 ἀλλὰ
783 3075 825 3123 καὶ
838 3078 890 3123 τῶν
903 3073 1079 3139 γεννωμένων,
1097 3073 1138 3124 διὰ
1150 3079 1200 3135 τῆς

197 3165 339 3225 συγγενοῦς
351 3162 495 3227 φιλοζωῒας,
508 3163 555 3219 τὰς
567 3162 690 3226 διαδοχὰς
701 3162 736 3220 εἰς
748 3161 832 3213 ἀΐδιον
844 3164 944 3227 ἄγουσα
957 3162 1082 3226 διαμονῆς
1094 3165 1199 3213 κυκλον.

199 3245 239 3295 W.
281 3246 362 3296 Voluit
378 3249 438 3296 mori
450 3248 529 3310 accipi
547 3255 632 3310 potest
649 3265 695 3312 pro
712 3248 778 3298 breui
793 3257 850 3314 post
869 3258 961 3298 mortua
979 3256 1020 3298 eat.
1057 3250 1123 3298 Nam
1142 3249 1200 3299 uelle

196 3333 268 3383 alteri
287 3333 363 3384 verbo
382 3333 525 3398 adjunctum
543 3350 608 3398 saepe
626 3336 753 3399 eleganter
769 3337 893 3385 abundare
912 3336 997 3386 docuit
1014 3336 1150 3385 Reinesius
1172 3347 1199 3388 et

197 3420 359 3471 Burmannus
372 3422 403 3470 ad
419 3422 521 3472 Petron.
538 3438 591 3486 cap.
610 3425 649 3482 70,
667 3431 693 3472 et
709 3423 830 3486 sequioris
846 3423 952 3472 manium
969 3424 1015 3472 aevi
1032 3424 1197 3487 scriptoribus

195 3524 250 3558 eam
262 3508 366 3559 formam
378 3509 494 3560 usitatam
505 3525 560 3559 esse
572 3510 683 3561 ostendit
695 3511 815 3560 Barthius
830 3509 939 3559 Advers.
951 3509 1018 3568 XII,
1036 3525 1054 3558 1.
1091 3510 1198 3574 Signan-

195 3604 234 3646 ter
253 3605 337 3646 tamen
356 3596 412 3646 velle
430 3599 490 3646 mori
509 3597 596 3648 dicunt
613 3614 665 3657 eos,
689 3614 752 3662 quoa
771 3614 876 3648 moerore
896 3606 939 3648 aut
959 3598 1047 3647 morbo
1066 3597 1197 3648 confectos

194 3684 295 3734 tedium
307 3685 364 3734 vitae
376 3685 451 3748 cepit.
488 3685 563 3735 Ovid.
576 3685 642 3736 Met.
660 3686 696 3745 X,
716 3687 769 3744 131,
786 3685 860 3748 plane
871 3693 900 3735 ut
910 3685 951 3735 hic
962 3692 1062 3735 noster:
1090 3685 1124 3734 Ut
1133 3702 1197 3735 aevo

194 3775 326 3823 morientem
345 3773 438 3823 aulum
454 3773 521 3831 uidit,
550 3772 614 3824 Velle
629 3775 689 3822 mori
704 3775 795 3823 statuit.
832 3773 902 3822 Idem
918 3772 997 3822 Trist.
1019 3772 1040 3831 I,
1060 3774 1083 3831 3,
1105 3775 1148 3822 99:
1174 3781 1199 3822 et

194 3860 294 3910 voluere
310 3864 377 3910 mori.
416 3862 490 3911 Hanc
504 3861 645 3920 formulam,
666 3862 726 3911 alias
744 3870 839 3912 tentum
858 3861 956 3911 homini
974 3869 1065 3925 aptam,
1088 3860 1197 3910 Severus

194 3947 236 3996 hic
249 3946 331 4004 brute,
349 3956 472 4012 utsupra,
489 3964 512 3997 v.
524 3950 556 3998 35
571 3958 598 3998 et
609 3951 649 4007 63,
667 3957 761 3998 mentem
777 3957 803 3998 et
817 3950 927 4007 unimam,
944 3948 1061 4012 applicat,
1077 3963 1128 3998 non
1141 3947 1196 3996 sine

194 4035 317 4098 exemplo.
355 4036 420 4085 Nem
432 4044 459 4085 et
469 4037 535 4100 apud
550 4037 657 4087 Tertull.
674 4037 753 4102 Apol.
769 4055 791 4088 c.
805 4039 844 4087 30.
864 4037 977 4102 reprobus
988 4037 1030 4087 boe
1040 4037 1100 4086 mori
1110 4042 1197 4100 optans

195 4123 285 4173 dieitur
295 4122 444 4175 macilentus
457 4133 482 4175 et
494 4125 776 4175 morbidus-Waaus.
