2798 4740
240 426 282 489 50

245 606 319 658 Ovid.
331 609 355 658 7.
376 607 483 658 Metam.
496 623 521 658 v.
532 608 588 658 538.

432 737 550 778 Gmteidere
561 736 642 789 inseiis
655 704 740 777 ualidos
752 735 848 776 miratur
861 737 940 774 arator

432 813 494 854 Inter
505 824 559 866 opus
571 815 654 862 tauros,
667 811 776 862 meritoque
788 808 910 850 recumbere
923 806 1051 849 sulm-W.

245 933 384 1000 Conjuqem]
406 933 556 986 consortem
567 933 680 983 laborum
691 939 819 995 nuncupat
832 929 928 981 Statius
942 929 1025 979 Theb.
1038 932 1062 979 9.

414 1060 518 1109 Ducitur,
531 1059 611 1100 amireo
624 1059 695 1111 qualis
708 1061 806 1099 emorte
819 1057 918 1112 laborum

417 1134 507 1175 Deserit
519 1134 626 1185 incepturi
638 1133 709 1173 merito
721 1133 779 1173 tuter
786 1133 869 1183 juoera
881 1131 963 1172 sulum

418 1205 504 1247 Taurus
515 1206 583 1253 tuere,
596 1205 691 1256 solioque
698 1207 776 1257 jurum
789 1205 886 1255 deserum
897 1204 989 1245 remum

410 1280 484 1320 Parte
496 1279 571 1321 trabit.
584 1282 670 1331 portem
683 1278 802 1319 lacrimem
814 1282 921 1320 sustentat
933 1275 1080 1318 arator—W.

241 1404 357 1470 Dtiy'uqo,
372 1400 495 1466 disjungo,
509 1400 572 1467 jugo
581 1401 691 1452 exsolvo.
727 1400 862 1472 Expressit
874 1399 1018 1462 Virgilium,
1031 1397 1074 1460 qni
1085 1397 1178 1460 Georg.
1190 1397 1247 1456 ΙΙΙ,

240 1493 297 1550 517,
314 1492 344 1540 de
359 1491 445 1540 eadem
460 1506 499 1541 re:
525 1490 551 1539 It
564 1491 640 1539 tristis
655 1497 737 1538 arator
751 1488 890 1538 Moereutem
906 1488 1033 1552 abJ'urmem
1041 1488 1156 1552 fleterna
1170 1495 1248 1535 morte

231 1583 368 1646 juvencum.
406 1579 504 1629 Similia
519 1578 594 1628 ovid.
608 1577 714 1626 Metam.
731 1575 798 1634 VII,
816 1577 872 1634 538,
890 1583 917 1624 et
931 1574 1028 1624 Statius
1043 1573 1125 1623 Theb.
1141 1573 1195 1631 IX,
1212 1575 1249 1624 82

240 1685 293 1733 seq.
315 1668 366 1732 qui,
391 1683 465 1730 quem
483 1665 615 1731 conjugem
636 1665 751 1722 Severus,
773 1671 902 1713 consortem
918 1661 1023 1712 laborum
1041 1661 1115 1711 dicit:
1146 1660 1248 1710 Amisso

239 1755 317 1821 quoles
328 1763 434 1806 consorte
445 1755 550 1805 laborum
557 1754 659 1804 Deserit
670 1755 787 1818 inceptum
795 1753 870 1801 media
882 1753 943 1800 iuter
949 1753 1039 1816 juqera
1050 1749 1139 1799 sulcum
1148 1749 1247 1798 Taurus

239 1845 310 1893 iners.
346 1843 439 1893 Bovem
453 1843 593 1908 disjunctum
604 1841 667 1891 dixit
680 1840 771 1890 Horat.
787 1839 873 1904 Epist.
889 1839 910 1897 I,
930 1840 967 1897 14,
985 1837 1176 1889 28.-Wsarts.

290 2011 375 2063 Vnus.
393 2010 545 2060 ‹ta-Dicto
562 2010 644 2073 citius]
674 2008 766 2071 Virgll.
809 2007 847 2056 Et
864 2008 926 2057 dioto
945 2008 1016 2056 citium
1038 2006 1127 2055 tumida
1145 2021 1246 2068 equora

236 2098 326 2164 placat.
348 2098 452 2147 Petron.
471 2096 548 2146 Dicto
559 2098 629 2145 eitius
640 2097 707 2146 nerui
714 2103 848 2160 punierunt
859 2094 1043 2160 imperio-W.
1085 2093 1246 2158 Consequitur

239 2186 327 2250 necem]
346 2184 387 2233 Ita
397 2183 463 2247 apud
477 2183 580 2233 Terent.
597 2183 667 2231 And.
681 2185 705 2232 5.
719 2186 742 2233 3.
762 2185 868 2232 naneuei
878 2182 971 2233 maium.
1009 2180 1047 2231 Et
1060 2181 1164 2230 Phorm.
1178 2182 1203 2230 {i
1219 2181 1244 2228 l.

241 2271 324 2322 Potiri
333 2270 396 2320 mali.
430 2269 501 2319 Sicut
514 2269 617 2318 Lucret.
630 2269 673 2319 lib.
691 2272 714 2319 3.

458 2396 490 2436 Et
502 2396 561 2438 mula
572 2397 640 2438 multo
652 2397 735 2438 animus
748 2401 837 2450 contage
845 2397 950 2450 fuuybur
962 2398 1017 2448 ejus.

243 2516 402 2582 Consequitur
412 2534 490 2567 ueoun
500 2517 571 2577 dixit,
588 2525 617 2568 ut
628 2518 729 2577 malum,
745 2518 861 2568 morbum
872 2525 961 2568 neotus
973 2507 1169 2567 est-Ws‘uns

290 2691 375 2744 Vsus.
389 2678 563 2757 50.-Seuus]
583 2691 647 2741 Haee
657 2693 753 2752 vocula,
770 2693 877 2743 adoram
888 2693 979 2756 posita,
996 2693 1109 2742 lacunam
1121 2709 1246 2757 apparen-

243 2785 295 2827 tem
308 2778 407 2840 explet;
428 2779 494 2828 siout
510 2794 533 2827 v.
548 2781 587 2837 79,
605 2779 792 2830 moriens-W.
828 2781 859 2829 In
878 2780 1010 2830 Pithoeans
1025 2798 1098 2830 sunus
1113 2796 1164 2830 non
1176 2791 1248 2832 extat

238 2863 266 2912 in
277 2871 404 2923 contextu,
422 2865 473 2924 sed,
493 2873 597 2915 vacante
609 2865 665 2930 ejus
678 2866 743 2925 loeo,
760 2867 903 2931 appositum
915 2867 992 2917 estin
1003 2869 1121 2931 margine,
1139 2869 1207 2919 sieut
1218 2886 1244 2920 v.

240 2953 273 3001 79
282 2953 388 3000 moriem.
423 2952 513 3016 Neque
524 2968 583 3003 vero
594 2952 675 3014 video,
693 2953 753 3018 quid
767 2955 835 3004 aliud
846 2963 953 3018 utroque
967 2955 1024 3004 loeo
1036 2955 1143 3006 seribere
1154 2965 1244 3007 auctor

238 3038 505 3101 potuerit-Wnsrts.

291 3210 376 3263 Vsus.
390 3212 677 3276 51.-Lon9isquatiens
685 3214 727 3264 ilia
735 3214 855 3281 pulsibus]
876 3215 949 3279 Virg.
960 3217 984 3266 3.
1001 3215 1094 3280 Georg.
1105 3231 1170 3266 vers.
1184 3217 1246 3267 505.

441 3339 494 3379 Tium
505 3339 558 3380 uero
571 3339 671 3381 ardenter
683 3341 747 3392 osuit,
761 3346 824 3395 utque
836 3347 944 3384 ottraonm
957 3343 984 3383 ab
997 3343 1042 3384 aito

439 3411 544 3464 Spiritus,
555 3412 664 3453 interdum
673 3414 755 3466 gerum
765 3416 850 3466 orasis.
863 3416 948 3467 imaque
960 3416 1023 3468 longo

438 3484 484 3526 nte
495 3486 590 3538 sinqultu
600 3487 695 3529 tendunt.

241 3607 346 3672 Apulei.
359 3607 404 3657 lib.
420 3611 444 3659 4.
473 3607 511 3657 Et
524 3608 627 3658 aestuis
638 3609 778 3675 sinqultibus
791 3609 832 3659 iliu
844 3612 959 3675 quatiens,
977 3611 1035 3661 milti
1047 3613 1118 3660 etiam
1131 3611 1245 3663 lucrium

239 3697 442 3763 excussit-W„
464 3696 587 3757 Peisibus,
602 3698 627 3747 b.
639 3698 798 3762 singultibus.
830 3698 958 3762 Apuleius
968 3698 1012 3749 lib.
1026 3699 1077 3759 IV,
1092 3699 1129 3749 Et
1139 3700 1245 3749 assiduus

239 3784 379 3849 sinqultibus
389 3783 431 3833 itta
443 3786 550 3848 quateris
561 3785 618 3835 mibi
628 3787 697 3836 etiam
708 3785 819 3836 lacrimas
830 3788 940 3836 extrusit.
975 3786 1095 3836 Lucanus
1108 3785 1160 3846 IV,
1178 3788 1242 3839 756:

239 3872 344 3923 Pectore
355 3889 430 3922 rauca
443 3880 544 3937 qemunt,
561 3890 614 3937 quae
624 3873 703 3924 creber
715 3874 831 3924 anhelitus
843 3882 918 3940 uryet,
935 3874 971 3925 Et
982 3874 1072 3940 desecto
1081 3868 1165 3940 qiaois
1175 3873 1245 3940 ionqe

240 3958 313 4008 trabit
323 3957 365 4007 ilie
373 3956 613 4022 pubmmwsans.

289 4124 375 4178 Vnae.
392 4123 589 4190 52-Deposuit
609 4127 705 4190 caput]
738 4126 825 4178 Etiam
847 4143 893 4178 nos
917 4128 1045 4187 Germani,
1072 4126 1110 4176 Er
1132 4127 1176 4176 hat
1198 4126 1244 4175 das
