2798 4740
606 421 799 486 SANCTO.
1159 427 1197 488 al

204 628 269 669 non
291 606 400 682 edidit,
434 605 587 688 Lugduni
615 606 727 669 Batav.
756 607 849 684 1715,
886 608 917 683 8,
954 631 971 669 e
995 610 1206 693 typographia

198 716 287 780 Petri
320 739 380 780 van
410 717 466 780 der
501 717 563 794 Aa,
604 718 656 779 cui
688 717 810 779 nomini
844 717 992 800 deinceps
1025 717 1108 781 illita
1141 719 1204 782 fuit

197 828 260 892 alia
279 827 439 905 schedula,
469 828 504 891 in
525 849 589 911 qua
603 827 792 910 impressum
808 837 869 889 est:
902 826 1002 910 Apud
1020 827 1203 892 Samuelem

196 936 427 1013 Luchtmanns,
451 937 544 1001 1717.
576 936 777 999 Recensetur
788 937 822 998 in
835 937 913 999 actis
926 936 1028 1000 Erud.
1042 935 1085 1000 A.
1102 938 1201 1015 1716,

195 1068 269 1130 pag.
286 1046 329 1110 80
345 1068 410 1129 seq.
456 1045 477 1107 J
478 1069 524 1110 ac.
543 1045 724 1109 Gronovius
737 1056 848 1109 auctor
861 1045 1060 1130 praefationis
1075 1046 1202 1110 videtur

196 1153 281 1219 Ven.
306 1153 455 1232 Ernesto,
488 1155 574 1219 Bibl.
602 1155 658 1218 lat.
684 1154 808 1218 Fabric.
841 1154 942 1218 Tomo
967 1153 1034 1232 ΙΙΙ,
1066 1177 1098 1238 p.
1125 1155 1200 1218 258.

197 1261 298 1328 Haud
320 1264 422 1328 multo
445 1274 519 1348 post
544 1263 587 1327 G.
613 1263 801 1341 Outhosius,
826 1263 962 1327 Embdae
984 1264 1024 1328 ad
1045 1264 1205 1328 Amisiam

196 1372 403 1449 ecclesiastes,
427 1373 513 1436 edito
534 1373 654 1449 libello,
684 1374 736 1436 cui
759 1373 887 1436 titulus:
924 1373 1054 1437 Iudicia
1078 1374 1204 1436 Jetovae

196 1480 347 1559 Zedootlr,
370 1504 425 1545 sea
438 1482 550 1545 bellam
564 1482 713 1558 divinam,
734 1504 793 1566 qao
804 1484 890 1566 petit
902 1483 991 1546 Deus
1000 1491 1201 1567 peccatores,

196 1591 347 1676 adjunxit
369 1614 497 1656 carmen
523 1594 632 1657 Severi
658 1593 778 1668 Sancti,
809 1592 843 1655 id
867 1602 916 1655 est
939 1591 1138 1670 Endeleichi,
1161 1592 1201 1655 de

195 1703 353 1766 mortibus
367 1703 477 1779 boum,
502 1703 596 1786 eique
610 1712 729 1787 praeter
744 1703 876 1766 selectas
888 1703 1026 1766 Weitzii
1041 1714 1075 1766 et
1089 1703 1203 1767 Sebcri

196 1813 418 1885 annotationes
441 1813 635 1877 nonnullaa
662 1825 763 1876 semet
787 1815 857 1898 ipso
884 1816 1049 1878 observata
1072 1815 1200 1899 adjecit,

198 1922 386 2008 Groningae,
412 1924 506 2001 1721,
530 1924 561 1987 8.
586 1924 787 1988 Recensetur
801 1925 853 1988 hic
867 1925 949 1988 liber
961 1926 995 1987 in
1008 1925 1085 1988 actis
1098 1925 1200 1989 Erud.

198 2031 364 2118 Supplem.
390 2033 481 2097 Tom.
498 2032 600 2110 VIII,
623 2037 696 2117 pag.
708 2034 794 2126 214.
840 2033 959 2098 Breves
979 2034 1202 2116 castigationes

198 2140 228 2204 ei
242 2142 419 2205 recensioni
429 2164 503 2225 pag.
521 2142 586 2205 218
607 2143 743 2227 subjecit
759 2142 796 2206 C.
813 2141 856 2206 A.
875 2142 1098 2219 Heumannus,
1123 2165 1203 2227 quas

198 2261 366 2336 excerptas
386 2252 466 2316 meis
486 2251 744 2316 annotationibus
762 2253 877 2317 addere
897 2253 1029 2336 placuit.
1075 2251 1202 2315 Recen-

198 2363 319 2426 tissime
340 2361 449 2438 edidit,
473 2371 507 2424 ct
527 2384 642 2426 novam
661 2362 885 2446 praefationem
909 2363 948 2425 de
972 2372 1112 2439 auctore,
1137 2362 1204 2425 edi·

198 2471 340 2535 tionibus
352 2480 386 2534 ct
397 2480 585 2554 argumento
596 2470 693 2556 hujus
702 2472 849 2535 carminis
860 2471 1017 2555 praemisit
1030 2469 1080 2534 M.
1095 2470 1202 2534 David

199 2579 345 2657 Richter,
381 2578 564 2664 Hamburgi
589 2581 683 2658 1747,
715 2582 747 2644 4.
805 2581 956 2665 Denique
984 2581 1044 2643 hoc
1074 2601 1201 2643 carmen
1335 2566 1340 2575 ’

200 2688 315 2753 Editor
325 2687 528 2752 Collectionis
537 2688 680 2754 omnium
690 2689 880 2754 Poematum
889 2688 1079 2752 Latinorum
1089 2688 1203 2752 Pisau-

199 2798 299 2862 rensis
311 2798 478 2882 proposuit
493 2797 595 2863 Tomo
609 2799 653 2878 V,
676 2801 733 2884 qui
748 2822 830 2864 anno
849 2799 932 2864 1766
947 2799 1077 2883 prodiit.
