2798 4740
580 439 692 482 nonin.
1097 420 1139 482 63

187 601 271 652 Vens.
289 599 619 666 123.-Erroremoeterem.]
645 599 751 651 Veterem
759 600 870 650 Deorum
878 598 1001 650 orituram.
1018 598 1139 651 Prudent.

139 688 274 752 Psychom.
293 704 317 740 v.
330 689 371 740 29.
389 686 460 739 Bene
477 687 594 754 Cyprinn.
610 695 697 738 conus
707 686 781 751 epist.
796 687 884 751 Steph.
918 686 1005 751 Neque
1015 689 1075 738 enim
1085 704 1141 738 oon-

137 777 243 836 suetudo,
261 793 313 842 qua
328 777 395 843 apud
406 777 520 842 quosdam
533 778 670 842 irrepserat,
687 776 799 841 impedire
812 775 886 838 debet,
903 793 949 841 quo
963 777 1040 826 minus
1053 776 1141 826 ueritas

132 863 266 930 prevaleat
280 873 303 914 et
319 865 406 915 vineat.
442 863 509 914 Nam
524 864 665 914 consuetudo
679 864 730 913 sime
744 865 852 922 veritate,
868 870 973 913 uetustas
987 863 1076 913 erroris
1092 870 1138 912 est:

132 961 234 1019 propter
255 954 326 1019 quod,
354 953 434 1004 relicto
457 969 544 1013 errore,
570 969 697 1018 sequamur
722 951 930 1003 amiam-W.
976 950 1139 1018 Diffugien]

140 1041 246 1093 Rectils
260 1043 310 1107 leg.
327 1042 534 1111 defugiam-ffw.
568 1042 684 1093 Errorem
700 1049 805 1101 veterem,
822 1041 848 1091 h.
866 1057 888 1091 e.
904 1040 1018 1091 Deorum
1033 1041 1138 1091 cultum.

140 1130 183 1182 Sic
197 1130 321 1181 Prudent.
339 1131 366 1180 in
384 1130 479 1196 Symm.
498 1131 520 1190 I,
536 1131 598 1182 507:
629 1129 728 1181 Talibus
744 1130 826 1181 edistis
840 1130 897 1180 urbs
912 1131 1039 1196 insaturata
1053 1129 1142 1197 refingit

137 1218 243 1268 Errores
257 1226 352 1269 veteres.
387 1219 530 1286 Diffieqiam
544 1218 622 1268 edidit
635 1218 705 1269 Pith.
723 1218 842 1284 defiegiam
853 1217 908 1268 vult
921 1216 1052 1268 Weitzius.
1091 1217 1142 1268 Sed

137 1307 190 1356 haee
201 1306 268 1366 telin,
288 1315 317 1358 ut
327 1306 448 1371 diffugere
463 1315 489 1358 et
502 1306 628 1370 defugere,
645 1306 785 1356 diffundere
796 1313 822 1356 et
833 1305 977 1365 defundere,
994 1306 1142 1372 distringere

138 1403 164 1445 et
179 1394 340 1458 destringere,
356 1410 421 1459 saepe
436 1401 617 1459 permutentur,
634 1401 663 1444 ut
678 1393 786 1442 difficilis
800 1393 834 1443 sit
849 1393 948 1443 electio.
968 1393 1077 1444 Anthol.
1094 1394 1139 1444 lat

139 1483 227 1532 Burm.
248 1482 292 1533 lib.
316 1483 337 1543 1,
360 1498 400 1546 ep.
422 1484 466 1534 85:
497 1482 640 1550 Diffiepiens
654 1489 754 1548 pontum
768 1480 842 1533 ednas
862 1480 966 1532 Galatea
981 1490 1142 1547 peragrat.-

144 1569 253 1620 Wenns.

190 1748 275 1801 Vnus.
294 1746 450 1798 124.-Nam
458 1746 564 1813 fallam]
592 1745 702 1812 Egregie
715 1746 830 1796 Laetant.
841 1745 886 1796 lib.
899 1748 923 1796 4.
941 1760 995 1809 esp.
1008 1748 1032 1796 3.
1057 1746 1144 1797 Temeri

140 1838 195 1903 erpd
206 1838 295 1888 anias
306 1853 353 1887 non
360 1843 447 1901 potest,
464 1835 505 1886 nii
515 1835 582 1885 inmo
592 1835 652 1885 idem
663 1833 741 1884 multis
748 1833 861 1899 patribus
872 1832 1016 1899 dominisque
1026 1833 1143 1899 subjectus

139 1933 181 1985 est,
198 1925 239 1976 nii
253 1927 353 1986 animus,
369 1927 395 1974 in
409 1923 481 1974 muita
495 1924 624 1990 dispersus,
641 1924 687 1974 ine
699 1932 770 1988 atque
783 1920 838 1972 illae
852 1922 988 1987 divagemur,
1005 1920 1142 1972 metabere

140 2013 210 2064 niam
219 2014 359 2076 firmitatem
367 2019 453 2079 potest,
471 2013 565 2077 qnando
574 2020 636 2063 certo
647 2019 670 2062 et
680 2010 760 2062 stabili
770 2009 885 2061 domicilii
896 2010 978 2076 religio
986 2018 1058 2060 earet.
1084 2010 1143 2061 Oul-

140 2109 178 2151 tus
193 2100 392 2167 igiturDeornm
402 2101 453 2150 veri
464 2116 514 2150 esse
528 2117 575 2150 non
587 2107 705 2166 possunt:
729 2098 807 2149 eodem
818 2098 893 2157 modi,
910 2100 958 2163 qno
971 2100 1143 2149 matrimonium

139 2189 187 2239 diei
204 2205 251 2238 non
267 2195 353 2253 potest,
369 2187 412 2237 ubi
422 2185 505 2237 mulier
521 2203 569 2237 una
583 2186 665 2237 maltos
680 2188 744 2236 uiros
755 2186 832 2246 labet,
848 2185 890 2236 sed
902 2185 952 2236 liae
968 2195 1011 2236 aut
1024 2188 1142 2248 meretrix,

141 2283 183 2324 aut
194 2274 301 2325 waltero
312 2274 483 2324 nominabitur:
508 2273 524 2323 d
538 2276 586 2340 qud
598 2277 658 2325 emim
669 2275 757 2340 pudor,
776 2276 882 2334 nasutas,
892 2274 958 2338 fides
968 2275 1041 2335 obest,
1057 2277 1144 2326 uirtute

140 2370 221 2414 carent
236 2379 328 2413 neeesse
346 2371 388 2412 est.
426 2363 471 2414 Sia
487 2371 509 2412 et
525 2362 607 2428 religio
622 2362 732 2414 Deorum
747 2363 866 2429 impudica
880 2371 916 2414 est
931 2373 954 2414 et
968 2365 1066 2424 ineerta,
1085 2367 1143 2431 quin

133 2451 187 2514 fide
208 2458 280 2510 earet,
302 2453 360 2516 quin
379 2451 453 2501 Itonos
472 2449 589 2500 instabilis
608 2459 630 2500 et
649 2452 759 2511 incertus,
782 2459 855 2516 eaput
876 2459 947 2517 atque
964 2453 1078 2518 originem
1096 2471 1143 2504 non

141 2538 296 2589 nabet-W.

192 2715 269 2768 Vens
283 2715 432 2767 lun-Jan
439 2723 556 2781 properat
566 2732 630 2765 mene
640 2731 691 2765 mea
701 2716 798 2782 uisae]
816 2715 895 2776 Quasi
906 2722 977 2766 tatnm
987 2732 1013 2765 se
1021 2717 1144 2784 effiemdene

141 2805 393 2868 inconcupiscentiam,
409 2803 477 2868 lango
486 2803 539 2866 fine
549 2819 665 2869 suspensa
674 2803 801 2870 dementiore
810 2802 954 2854 dissolvitur.
974 2803 1008 2854 D.
1021 2805 1143 2858 Ambros.

141 2891 169 2941 in
183 2891 250 2942 Pssl.
267 2893 322 2942 118.
342 2891 420 2941 Serm.
436 2905 464 2940 11.
502 2890 630 2944 Videntur
641 2899 725 2942 sutem
736 2891 790 2940 hoec
800 2890 914 2941 desumte
925 2907 957 2941 ex
970 2892 1038 2942 Psoi.
1054 2894 1144 2944 121.-

145 2979 185 3029 W.
221 2979 345 3044 Properat
360 2980 455 3046 aiem]
482 2979 642 3031 Grteoismus.
664 2979 705 3030 Its
724 2979 827 3030 Terent.
849 2979 943 3044 Heayr.
960 2996 979 3030 1.
995 2982 1019 3031 9„
1049 2982 1143 3035 Nostra

141 3065 203 3118 ittet
214 3068 234 3117 it
244 3067 319 3117 aisne
329 3067 430 3117 adeam.
452 3067 579 3121 Veehner.
592 3067 740 3118 hellenolex.
753 3064 770 3117 i.
790 3081 845 3132 psg.
861 3068 995 3118 ltu-w.

194 3244 280 3298 Vsus.
293 3242 578 3311 127.-Congredimur.]
598 3244 739 3311 βαδίζομεν
750 3245 824 3312 ἄμφω
833 3245 863 3297 oir
871 3249 975 3313 μακρὰν
984 3246 1054 3301 ὁδόν.
1076 3249 1145 3303 Con-

142 3331 220 3397 gredi,
243 3331 318 3381 simul
335 3333 379 3382 ire.
404 3331 474 3382 Rsrd
492 3331 594 3384 obvium
613 3333 662 3384 hoe
679 3332 706 3382 in
725 3333 876 3398 signifiestu.
894 3335 980 3398 itaque
999 3338 1145 3391 notandum.

144 3419 277 3471 Onomast.
291 3420 469 3488 συνδιατρίέω,
485 3420 631 3485 oonpredior.
653 3420 728 3470 Alite
744 3422 829 3473 Gloss.
848 3421 974 3484 Conditor,
1000 3427 1145 3492 συμβάλλει
1169 3422 1180 3431 ”

142 3508 242 3573 μάχην.
258 3508 407 3574 Conpressio,
426 3509 443 3570 ἡ
460 3507 608 3560 συνσταδὸν
622 3509 784 3574 pugn-W.
824 3507 944 3576 Canpredi
960 3529 1006 3577 pro
1017 3530 1068 3566 uns
1078 3519 1145 3581 peri.

144 3604 232 3660 terque
245 3597 282 3645 ire
296 3597 416 3660 positum,
433 3611 488 3647 rsro
502 3594 651 3660 significatu.
689 3595 720 3645 In
734 3595 887 3647 sliistsmen
898 3597 1023 3650 similibus
1034 3603 1145 3656 crebrius

143 3685 185 3734 hio
197 3685 302 3745 obtinet,
319 3694 348 3736 ut
361 3685 388 3735 in
403 3686 516 3751 corporee,
532 3685 632 3749 quando
644 3683 768 3749 signifieat
778 3696 829 3735 unn
839 3700 897 3736 eum
907 3686 957 3739 elio
968 3687 1042 3740 ferre.
1070 3692 1143 3759 Virg.

148 3773 181 3825 G.
203 3774 333 3832 III,169:
363 3790 420 3839 coge
438 3773 540 3840 pradum
557 3777 663 3840 conferre
676 3775 801 3839 juvencae.
849 3773 946 3826 Stemus
966 3776 1027 3828 silv.
1047 3779 1100 3840 III,
1120 3783 1145 3840 3,

144 3863 189 3914 42:
215 3863 273 3928 Ipse
287 3863 337 3922 tali,
360 3880 419 3927 qnos
435 3881 497 3915 nune
514 3863 558 3914 titt
573 3867 668 3930 eorrfmo
685 3871 787 3929 questus.
826 3864 863 3915 Et
878 3846 984 3932 conferre
998 3867 1077 3934 Iegem,
1099 3887 1146 3935 pro

146 3951 221 4001 simul
233 3959 259 4002 et
270 3953 356 4002 eodem
369 3959 482 4016 tempore
494 3951 567 4012 ferre,
579 3952 643 4003 dixit
652 3951 741 4003 Livius
752 3953 804 4014 1v,
818 3954 842 4014 4,
856 3957 882 4006 9,
918 3953 1016 4006 Eodem
1028 3958 1146 4020 pertinet,

146 4040 214 4105 quod
230 4040 311 4091 estin
327 4039 410 4104 lepide
426 4041 529 4104 antiquo
544 4040 612 4105 apud
630 4041 804 4093 Fleetwodum
821 4059 846 4108 p.
865 4045 922 4103 800,
944 4044 1086 4110 Supremam
1093 4047 1148 4111 sati

147 4128 283 4192 competiere
294 4128 361 4187 diem,
378 4128 403 4176 h.
418 4127 492 4176 simul
505 4127 758 4193 petiere-Wenns.
