2798 4740
588 412 805 477 LECTORI.
1180 410 1200 471 5

196 609 349 682 tempora,
385 598 424 660 de
449 595 584 680 Aquilio
610 598 726 660 Severo
750 597 927 679 producens
951 595 1135 658 memoriam
1158 593 1199 656 ab

197 708 398 792 Hieronymo
423 707 530 770 datam
551 707 598 770 ita
621 706 795 789 scripserit:
821 711 842 741 “
856 705 897 768 In
921 705 1105 769 collectione
1133 703 1200 785 epi-

197 822 218 852 “
230 826 442 899 grammatum
463 824 496 878 et
516 815 748 898 poematiorum
768 826 922 892 veterum,
958 837 1031 898 quae
1056 811 1199 875 Lutetiae

197 925 428 989 “Parisiorum
456 925 575 1008 prodiit
602 924 667 988 An.
698 925 781 988 1590
805 948 880 988 cura
901 924 991 987 Petri
1014 922 1134 986 Pithaei
1161 919 1199 1002 (is

196 1040 218 1070 “
232 1035 317 1098 enim
330 1044 363 1098 et
372 1033 568 1098 collectionis
581 1044 613 1096 et
625 1044 774 1097 notarum
789 1044 909 1110 auctor,
933 1033 993 1097 etsi
1006 1053 1123 1096 nornen
1134 1052 1200 1094 non

196 1148 218 1178 “
233 1143 403 1226 expressit)
433 1143 520 1225 legas
549 1142 704 1226 Eclogam
733 1143 919 1206 Bucolicam
945 1143 989 1206 sic
1015 1141 1200 1224 inscriptam

197 1257 303 1335 “pag.
328 1251 403 1314 449.
424 1252 574 1342 'Carmen
596 1252 705 1315 Severi
727 1253 850 1330 Sancti,
874 1253 985 1329 idest,
1008 1250 1199 1315 Eadetct'chi

196 1368 217 1397 “
229 1360 390 1439 Rhetoris,
419 1363 457 1425 de
478 1364 626 1426 mortibus
651 1364 748 1425 boum.
796 1362 861 1425 Sed
882 1373 1015 1425 annotat
1036 1361 1198 1436 Pithoeus,

197 1473 330 1537 “videri
356 1473 442 1536 hunc
467 1495 515 1548 eo,
544 1473 583 1535 de
609 1494 674 1555 quo
702 1471 929 1556 Hieronymus
963 1468 1199 1554 antiquiorem”

197 1581 250 1644 Sic
277 1582 340 1645 isto
366 1582 435 1645 loco
464 1581 605 1664 Magnus
632 1581 686 1643 ille
713 1580 784 1644 Vir.
830 1580 904 1644 Jam
929 1604 1003 1644 vero
1032 1581 1067 1642 in
1096 1579 1199 1663 capite

195 1689 297 1766 VIII,
321 1690 408 1772 quod
429 1699 477 1752 est
498 1690 537 1752 de
557 1688 669 1752 Poetis
687 1688 813 1753 Latinis
831 1690 962 1753 incertae
981 1689 1096 1765 aetatis,
1120 1711 1200 1772 quos

195 1809 303 1863 tamen
328 1799 425 1863 fuisse
446 1808 570 1862 constet
592 1809 666 1863 ante
689 1808 832 1882 tempora
848 1799 954 1862 Caroli
969 1799 1093 1881 Magni,
1116 1799 1200 1861 inter

197 1911 293 1973 “alia
317 1910 352 1972 id
379 1909 503 1993 posuit:
536 1908 784 1971 “Endeleichus
808 1908 944 1985 Rhetor,
973 1908 1037 1970 sive
1064 1906 1199 1970 Severus

198 2026 218 2056 “
234 2020 381 2096 SanctuS,
405 2020 547 2102 eclogam
570 2019 696 2102 scripsit
719 2019 758 2081 de
782 2018 938 2080 mortibus
960 2017 1072 2080 boum:
1104 2038 1201 2100 quam

198 2135 219 2164 “
232 2129 272 2191 ab
285 2129 360 2191 Elia
367 2128 489 2192 Vineto
500 2126 642 2190 Santone
655 2136 817 2210 acceptam
829 2127 950 2209 publici
960 2127 1042 2210 juris
1056 2113 1201 2188 Pitha'eus

198 2243 219 2272 “
231 2237 308 2300 fecit
325 2237 360 2299 in
379 2235 616 2320 epigrammatis
640 2246 672 2298 et
692 2236 848 2319 poematis
865 2236 1035 2312 veteribus,
1059 2233 1200 2297 Lutetiae

198 2351 219 2382 ‘⁴
233 2346 327 2432 editis
341 2368 425 2409 anno
441 2345 608 2408 cruroXC.”
659 2345 713 2409 Ita
727 2346 852 2409 duabus
863 2347 932 2430 jam
946 2343 1201 2428 appellationibis

195 2455 336 2538 incipere
355 2454 419 2518 frui
436 2454 496 2516 hoc
518 2475 646 2516 carmen
664 2454 820 2531 audimur,
845 2465 915 2518 tum
937 2453 1073 2516 Carmen
1096 2452 1202 2515 Buco-

195 2565 304 2640 licum,
328 2574 398 2628 tum
424 2564 578 2647 Eclogam
611 2563 805 2639 Bucolieam,
834 2586 877 2626 ex
904 2563 1020 2646 quibus
1048 2561 1203 2644 Eclogam

196 2663 396 2756 reliquerunt
418 2673 539 2757 posteri
553 2673 682 2749 Vossio,
712 2672 848 2735 Carmen
872 2671 1059 2736 Bucolicum
1080 2672 1200 2755 ubique

198 2793 387 2859 ostentatur,
410 2793 449 2846 ut
465 2782 600 2866 patebit.
647 2782 779 2866 Quippe
797 2792 831 2845 et
845 2792 939 2846 antea
960 2783 1028 2866 jam
1043 2794 1076 2846 et
1091 2783 1203 2846 eodem

196 2903 341 2976 tempore
367 2893 531 2976 inceperat
557 2893 677 2955 intrare
707 2893 828 2955 animos
858 2893 1057 2976 quormrdam
1086 2893 1201 2975 cupido

196 3002 325 3065 videndi
336 3003 454 3086 scripta
464 3003 499 3065 in
512 3002 720 3065 Bibliothecis
731 3001 876 3077 latentia,
902 3024 975 3084 quae
987 3001 1038 3064 vel
1052 3001 1092 3062 ad
1106 3001 1202 3063 fidem

200 3109 413 3173 Christianam
435 3111 634 3194 pertinerent
648 3109 699 3172 vel
722 3118 884 3172 auctorem
904 3108 1059 3171 haberent
1080 3108 1202 3171 Christ-

196 3219 316 3295 ianum,
338 3219 375 3280 in
388 3241 491 3281 unum
504 3228 710 3301 congregata3
733 3218 768 3280 id
782 3218 869 3301 quod
883 3217 942 3281 sub
959 3217 1063 3280 indice
1080 3217 1202 3282 Biblio-

118 3344 122 3351 '
198 3327 302 3390 theoae
316 3326 450 3390 Patrum
458 3328 611 3411 praestitit
622 3327 767 3411 inprimis
780 3326 983 3409 Margarinus
995 3327 1034 3388 de
1045 3327 1078 3389 la
1087 3326 1202 3410 Bigne,

199 3436 289 3520 cujus
309 3435 412 3519 prima
432 3436 529 3499 editio
549 3436 669 3519 prodiit
689 3458 773 3498 anno
797 3435 890 3511 1575,
915 3435 950 3497 in
968 3457 1031 3518 qua
1047 3457 1112 3497 non
1129 3457 1203 3498 con-

199 3544 333 3628 spicitur
361 3544 422 3606 hoc
448 3567 586 3622 carmen,
621 3544 741 3608 scilicet
765 3544 842 3628 quia
867 3545 1009 3607 nondum
1036 3543 1204 3608 Pithaeana

200 3653 365 3717 curiositas
402 3654 477 3716 huic
507 3655 596 3738 operi
633 3655 728 3717 istam
762 3654 928 3716 materiam
960 3664 1201 3737 praestruxerat.

201 3761 349 3825 Secunda
371 3785 445 3826 vero
470 3764 568 3826 editio
593 3763 669 3826 anni
695 3763 778 3826 1589
797 3763 867 3846 jam
886 3774 973 3826 tomo
996 3765 1016 3826 8
1039 3787 1113 3848 pag.
1138 3764 1203 3828 275

199 3870 281 3933 illud
289 3871 481 3954 aggregavit,
496 3871 724 3956 exemplarque
737 3872 907 3955 diligenter
918 3873 958 3935 ab
967 3872 1049 3937 Viro
1061 3874 1202 3936 studioso

199 3980 320 4044 lectmn
344 3991 376 4044 et
397 3983 605 4045 subnotatum
629 3983 774 4045 detinent
797 3981 983 4046 Academici
1004 3982 1124 4061 Plutei,
1148 3984 1203 4047 sed

199 4091 257 4154 ubi
271 4092 407 4175 pessime
423 4092 595 4157 exhibetur
608 4093 747 4155 censibus
763 4103 794 4155 et
807 4095 936 4175 referat.
984 4091 1094 4157 Tertia
1105 4094 1202 4157 editio
