2798 4740
621 437 733 481 norm.
1134 419 1178 481 59

101 648 105 653 ,
176 597 240 647 Tele
253 599 313 661 quid
328 597 419 648 accidit
433 598 492 648 olim
504 599 531 648 in
545 598 668 664 AEgypto‚
686 598 729 648 ubi
742 596 757 647 ὲ
773 597 887 649 Doumo
898 612 943 662 per
959 595 1053 648 Mosen
1064 599 1177 650 immissa

172 683 222 735 luit
240 701 358 748 pecorum
370 685 477 735 maxime
488 687 555 736 lues:
581 702 638 735 cum
651 685 750 737 interim
766 701 798 735 ex
811 685 978 736 israelitarum
996 686 1129 750 pecoribus
1143 703 1175 737 ne

173 789 248 823 unum
263 774 364 837 quidem
381 783 527 834 moreretur,
547 774 629 826 Exod.
645 777 668 825 9.
690 791 714 825 v.
731 777 754 825 3.
773 783 799 825 et
813 773 902 826 6.-S.
937 774 1023 824 αἱιιτοε
1041 791 1087 839 pro
1106 773 1175 825 alias.

175 861 247 924 Virg.
263 860 296 911 Ε.
314 861 366 922 ΙΙΙ,
380 863 424 912 ΊΙι
446 879 501 912 oras
510 862 584 912 altera
595 864 692 913 mittum
715 863 782 916 Vide
795 863 899 913 Festum
911 863 937 912 in
949 861 1174 914 Alton-Wunrrs.

223 1038 308 1091 Vens.
325 1039 443 1089 99.-Ειι
458 1040 523 1106 tibi]
547 1040 712 1089 Pleonasmus
728 1039 768 1089 vel
784 1039 915 1106 παρέλκοι
931 1042 977 1090 τοῦ
994 1038 1049 1090 tibi.
1068 1039 1172 1089 Terent.

174 1126 291 1176 Eunueh.
311 1129 334 1176 4.
352 1130 375 1178 7.
398 1127 466 1178 Sein'
484 1136 518 1186 tu,
535 1136 562 1177 ul
578 1129 620 1178 tibi
636 1145 674 1177 res
692 1145 718 1176 se
733 1127 837 1177 babeat?
871 1128 973 1178 Lueret.
993 1126 1037 1177 lib.
1058 1128 1082 1175 5.
1104 1125 1174 1191 Erpd

171 1223 235 1265 terra
247 1215 289 1265 tibi
299 1213 395 1264 limatur
405 1223 428 1264 et
438 1224 509 1266 aucta
519 1217 636 1266 recrearit.
653 1216 735 1267 Cicer.
747 1217 778 1265 ad
791 1216 874 1268 Attio.
905 1217 957 1266 Hic
968 1217 1011 1266 tibi
1021 1223 1100 1266 rostra
1113 1214 1174 1266 Coto

171 1302 273 1353 aduolat.
295 1302 449 1353 Rittershus.
463 1303 495 1353 ed
510 1303 619 1368 Oppian.
633 1317 651 1352 1.
669 1304 790 1369 Cyneget.
804 1320 827 1353 v.
842 1307 881 1355 89.
920 1303 1047 1356 Vechner.
1060 1303 1174 1354 helleno-

170 1389 219 1440 lex.
240 1406 295 1454 pag.
319 1392 372 1441 110.
398 1392 540 1444 Comment.
566 1392 670 1443 Terent.
691 1409 747 1457 psg.
768 1392 903 1444 eta-W.
938 1392 981 1442 Ea
1000 1392 1059 1442 tibi!
1085 1394 1114 1443 τὸ
1131 1392 1174 1442 tibi

172 1478 299 1546 παρέλκει.
320 1480 370 1529 vid.
395 1480 465 1544 Calp.
489 1480 522 1531 E.
544 1480 610 1540 VII,
634 1482 674 1532 33.
712 1480 787 1532 Saluo
804 1499 883 1548 prope,
902 1481 975 1546 Virg.
1000 1481 1033 1532 Ε.
1056 1481 1124 1540 VII,
1141 1483 1169 1532 9:

169 1584 241 1633 caper
251 1568 295 1618 tibi
308 1568 388 1618 solvus
398 1577 422 1618 et
433 1569 501 1618 boedi.
541 1568 656 1620 Observo
671 1569 754 1634 Tityri
765 1585 857 1620 nomen
868 1586 883 1619 a
893 1569 1014 1620 bucolicis
1026 1569 1172 1633 plerumque

120 1680 122 1683 ·
169 1657 263 1719 pastori
281 1656 389 1706 feliciori
406 1657 466 1717 dari,
484 1657 527 1721 qui
544 1658 611 1707 salva
627 1658 704 1709 babet
721 1674 818 1723 peoora,
838 1659 930 1708 amissa
942 1658 1047 1716 invenit,
1066 1657 1172 1707 aliorum

169 1761 255 1810 greges
275 1746 329 1795 sine
348 1746 499 1797 detrimento
518 1747 606 1810 pascit.
628 1747 708 1811 Apud
729 1745 800 1811 Virg.
824 1746 857 1796 Ε.
880 1747 901 1807 Ι,
924 1748 964 1805 51,
989 1745 1125 1796 Meliboeus
1141 1745 1172 1795 ad

173 1832 303 1898 Tityrum:
330 1833 384 1885 Nee
397 1833 459 1885 mala
476 1835 549 1884 vieini
565 1836 658 1900 peeoris
676 1837 786 1901 contagio
803 1835 893 1886 udat.
933 1835 1009 1888 Conf.
1030 1835 1064 1885 Ε.
1084 1835 1120 1894 V,
1143 1850 1172 1884 11.

172 1921 224 1980 IX,
241 1922 281 1981 23,
299 1929 325 1972 et
340 1921 412 1986 Calp.
429 1921 483 1982 III,
500 1923 686 1980 97.-Wsaus.
902 1929 905 1935 '

220 2096 305 2150 Vens.
320 2097 477 2157 lost-Quis
489 2089 511 2146 te
521 2096 640 2161 subripuit
650 2096 756 2148 cladibus
766 2098 804 2148 tia
814 2098 917 2165 Densi]
940 2096 1020 2148 Unice
1033 2098 1095 2149 Deo
1107 2097 1172 2162 Opt-

170 2184 240 2236 Max.
261 2184 448 2248 adsignandum,
475 2184 574 2248 quando
594 2183 608 2235 d
628 2185 771 2237 discrimine
791 2185 918 2251 eripimur,
943 2187 984 2237 vel
1002 2187 1136 2237 liberamur
1157 2186 1172 2236 ὰ

168 2272 241 2321 malo.
265 2272 387 2323 ἁδννοτέι
410 2275 459 2339 γὰρ
483 2272 558 2323 οὐδὲν
581 2274 646 2332 θεὸς,
674 2274 811 2324 secundum
833 2273 1013 2338 Epicharmum
1034 2274 1169 2340 Pythagor.

168 2361 234 2424 apud
255 2361 295 2413 cl.
319 2361 400 2410 Alex.
420 2364 444 2411 5.
470 2361 588 2412 Strumat.
612 2365 646 2428 τῇ
663 2362 759 2413 ἑιιέινον
771 2363 904 2430 βουλήσει
921 2363 996 2414 οὐδὲν
1014 2364 1172 2425 ἀντιστῆναι

168 2448 286 2500 δύναται.
307 2450 456 2500 Bardisanes
467 2449 544 2512 Syrus
553 2450 619 2514 apud
629 2448 724 2500 Euseb.
736 2450 780 2500 lib.
792 2453 815 2500 6.
829 2459 956 2514 preparat.
971 2456 1024 2502 τῶν
1035 2451 1171 2513 ἀδοκήτων

169 2538 252 2603 πόρον
271 2537 351 2603 εὗρεν.
389 2537 479 2602 Eurip.
496 2539 564 2593 Vide
581 2554 651 2602 prov.
666 2539 731 2602 apud
746 2539 781 2588 Η.
797 2539 858 2589 Jun.
872 2547 934 2590 cent.
949 2542 973 2591 8.
988 2556 1056 2590 num.
1073 2556 1090 2590 1.
1112 2541 1170 2590 Deo

163 2635 292 2691 preeunte,
315 2626 392 2677 nullus
411 2627 484 2691 officit
499 2626 646 2678 obem-W.
684 2627 772 2691 Synes
793 2626 867 2691 epist.
886 2628 939 2678 139.
960 2629 1018 2679 θεοῦ
1038 2629 1171 2695 παρόντος

168 2716 244 2766 laav
257 2715 358 2782 ἄπορον
370 2715 556 2781 πόριμον-8.

218 2890 303 2944 Vnus.
325 2890 520 2956 loa-Paua]
553 2890 605 2949 Qui
624 2888 686 2954 pure
711 2889 802 2941 Latina
819 2891 898 2941 locuti
919 2900 986 2950 sunt,
1006 2900 1098 2957 pestem
1117 2909 1168 2943 non

166 2978 252 3028 dicunt
270 2979 383 3030 morbum
398 2979 478 3039 illum,
496 2979 541 3028 sed
557 2978 735 3042 pestilentiam.
773 2978 857 3029 Pestis
873 2979 939 3029 enim
956 2979 1020 3029 nihil
1037 2980 1106 3030 aliud
1121 2989 1167 3040 est,

166 3065 240 3129 quim
251 3066 375 3131 pernicies
386 3074 412 3117 et
423 3065 536 3118 exitium.
567 3066 638 3130 Virg.
652 3067 676 3116 3.
695 3066 788 3131 Georg.

425 3203 521 3244 saecuta
532 3203 589 3245 Iuno
600 3206 681 3256 perlem
694 3190 911 3255 oreditolajwencoe.

169 3342 206 3393 Et
216 3345 240 3392 9.
255 3342 359 3393 AEneid.
397 3343 449 3393 Sed
458 3359 505 3393 ιιοιι
517 3344 619 3409 augurid
625 3345 707 3409 potuit
719 3343 831 3410 depellere
842 3352 940 3410 pestem.
954 3345 980 3395 id
995 3354 1042 3406 est,
1062 3354 1167 3397 mortem

166 3438 192 3481 et
204 3431 315 3481 exitium.
353 3430 511 3481 AEneid.10.

378 3585 428 3596 --
445 3565 501 3617 Quid
512 3569 593 3618 pestem
605 3566 698 3606 euadere
710 3565 762 3606 bella·
882 3614 886 3617 .

379 3641 446 3691 Iuvit,
459 3644 481 3680 et
495 3640 611 3691 Argolicos
623 3639 714 3680 aredium
723 3640 810 3690 fugisse
821 3650 862 3691 per
875 3640 941 3690 ignes.

167 3777 326 3828 Attribuitur
344 3785 370 3828 et
387 3778 461 3827 rebus
478 3777 629 3827 inanimatis.
649 3776 771 3840 quidquid
787 3776 853 3826 enim
869 3776 1001 3828 exitiosum
1019 3786 1066 3837 est,
1083 3778 1168 3842 lingua

166 3864 259 3914 Latina
268 3873 357 3929 pestem
368 3865 488 3923 nominat,
506 3873 532 3915 et
543 3864 664 3929 quidquid
675 3880 726 3914 rem
746 3864 854 3929 aliquam
865 3865 1010 3928 pessumdat
1021 3872 1047 3915 et
1058 3875 1168 3930 proster-

164 3951 209 4002 nit.
236 3952 335 4017 Imperii
341 3954 424 4017 pestis,
442 3952 495 4004 cic.
508 3953 538 4002 de
547 3969 629 4016 arusp.
641 3969 742 4017 respon.
758 3954 834 4018 pestis
845 3955 962 4003 amicitie.
976 3953 1019 4005 lib.
1034 3956 1058 4004 5.
1074 3955 1163 4005 Famil.

164 4055 204 4103 ep.
216 4041 239 4089 8.
274 4041 316 4090 Sic
327 4041 358 4089 de
368 4039 484 4089 incendii)
495 4042 519 4090 5.
533 4039 637 4090 AEneid.
663 4041 985 4106 Seruataedpesteearinae.
1023 4044 1074 4094 Pro
1085 4044 1167 4094 homi-

162 4126 237 4178 nibus
250 4145 349 4192 quoque
365 4129 467 4193 ponitur
484 4129 670 4192 pestilentibus.
694 4129 748 4182 cic.
767 4132 805 4180 10.
827 4131 916 4180 Famil.
934 4147 974 4196 ep.
988 4136 1028 4184 bs.
1068 4134 1166 4199 Tuoque

918 4233 962 4275 Hs

1204 4320 1320 4460 Ι·
