2798 4740
589 429 805 496 LECTORI.
1178 432 1199 493 3

265 612 360 678 Unde
376 613 437 680 Vir
451 613 677 700 Amplissimus
695 615 874 680 evolvendis
897 637 955 699 per
976 616 1042 679 otia
1053 614 1199 678 'librariis

198 723 317 807 pluteis
347 746 427 808 quos
454 734 568 815 nactus
598 736 647 788 est
681 725 802 788 affatim
837 724 990 808 copiosos
1027 732 1137 787 suetus
1165 745 1199 786 se

198 835 368 911 oblectare,
405 834 548 898 incidens
582 834 618 898 in
638 834 801 899 carminis
839 833 935 919 hujus
964 832 1128 916 exemplar
1156 853 1200 895 ex

198 944 349 1021 editione,
372 965 437 1027 qna
455 943 490 1007 id
507 944 655 1028 dignatus
675 943 738 1007 fuit
758 943 828 1007 Jot.
852 943 1013 1018 Weitar‘aa
1034 942 1070 1005 in
1094 940 1200 1004 sinum

197 1076 293 1117 suum
318 1075 472 1137 reponere
500 1075 565 1117 non
592 1053 748 1136 neglexit,
778 1063 817 1115 ut
842 1074 928 1137 saepe
953 1051 989 1114 in
1014 1049 1139 1114 circulis
1166 1059 1200 1112 et

197 1162 407 1226 conventibus
420 1161 588 1246 proferret,
607 1185 681 1226 sane
696 1161 932 1246 tempestivrnn,
955 1182 1056 1244 quum
1069 1181 1199 1243 prorsus

197 1273 393 1357 exprimeret
419 1272 605 1335 calamitatis
630 1271 797 1357 praesentis
824 1270 971 1355 speciem.
1026 1268 1141 1352 Itaque
1165 1278 1199 1330 et

195 1381 286 1464 legit,
315 1390 349 1444 et
372 1381 544 1464 legendum
569 1381 662 1444 variis
686 1381 827 1456 tradidit,
855 1390 985 1443 etcum
1010 1376 1199 1442 mirabundo

197 1491 375 1554 attentione
396 1491 499 1553 audiri
520 1491 669 1566 sentiens,
693 1491 819 1575 putavit
834 1511 941 1573 operae
962 1489 1102 1573 pretium
1118 1488 1197 1563 fore,

196 1597 272 1661 fidei
290 1599 387 1662 etiam
407 1620 475 1662 suae
496 1620 532 1661 ac
550 1599 698 1681 dignitati
715 1598 915 1673 conveniam,
944 1597 970 1659 si
989 1595 1050 1659 hoc
1071 1617 1197 1659 carmen

196 1706 410 1770 innotesceret
424 1707 582 1783 omnibus
599 1707 650 1770 vel
663 1729 727 1790 quo
738 1707 975 1789 gratularentur
987 1705 1057 1780 sibi,
1082 1703 1198 1787 quibus

197 1814 301 1878 adhuc
325 1837 363 1877 ea
385 1815 484 1899 pestis
507 1824 706 1899 pepercerat3
737 1825 775 1877 ut
796 1814 912 1877 dicitur
928 1813 962 1875 in
978 1813 1038 1875 hoc
1059 1812 1197 1875 carmine

197 1925 362 1989 transilire
386 1925 477 2000 alios,
508 1924 642 2000 sedita,
666 1934 703 1988 ut
719 1924 863 1987 videntes
885 1921 1016 1984 mirifice
1037 1920 1072 1984 id
1090 1920 1198 2003 vagari

196 2033 367 2097 induerent
378 2044 524 2096 sanctum
536 2043 705 2096 tremorem
721 2055 796 2115 erga
808 2032 852 2107 id,
877 2031 967 2115 cujus
980 2053 1018 2093 ea
1029 2039 1078 2092 est
1090 2039 1198 2112 potes·

197 2151 260 2219 tes;
275 2143 326 2205 vel
339 2142 455 2224 quibus
467 2142 522 2204 illa
533 2152 695 2218 nocuerat,
713 2142 867 2204 hactenus
879 2139 1061 2203 fruerentur
1073 2139 1196 2215 solatio,

196 2251 274 2313 dum
285 2251 467 2333 ignorantes
479 2260 574 2313 antea
584 2260 651 2313 tarn
663 2273 756 2333 grave
766 2251 852 2313 sidus
865 2249 1035 2333 Europaeis
1047 2249 1198 2313 armentis

194 2358 389 2436 incumbere,
414 2369 447 2423 et
463 2369 633 2443 querentes
648 2360 758 2442 ignota
773 2382 806 2422 se
819 2358 906 2449 clade
922 2358 1069 2441 opprimi,
1094 2380 1136 2420 ex
1147 2357 1197 2420 his

195 2468 368 2544 versiculis,
392 2467 509 2552 quibus
526 2469 578 2526 οὔτ’
596 2471 643 2543 ἔαρ
659 2473 852 2544 γλυκερώτερον
868 2490 911 2530 ex
926 2467 1096 2533 Theocrito
1110 2479 1197 2530 recte

197 2577 340 2658 agnoscit
364 2577 524 2652 Waltzias,
548 2575 653 2638 edocti
673 2584 880 2657 agnoscerent
896 2597 964 2637 esse
986 2575 1144 2658 quandam
1165 2587 1198 2638 et

196 2685 332 2748 armenti
353 2696 489 2770 pestem,
514 2695 547 2748 et
566 2685 622 2747 illo
637 2684 751 2767 utique
772 2695 915 2767 tempore
934 2693 968 2746 et
985 2683 1102 2747 saeculo
1117 2685 1196 2748 acci-

196 2795 279 2859 disse
294 2797 389 2872 idem,
414 2805 447 2858 et
466 2796 573 2859 forsan
588 2796 715 2878 saepinS,
739 2795 794 2858 sed
812 2795 969 2858 oblivione
986 2818 1044 2879 per
1057 2805 1198 2876 vetusta-

195 2915 263 2968 tem
289 2914 322 2968 et
348 2903 505 2967 scribendi
534 2904 682 2967 inertiam
706 2926 772 2967 non
797 2903 974 2966 innotuisse
1003 2904 1138 2986 posteris
1164 2914 1198 2967 et

196 3013 392 3076 intercidisse
407 3013 566 3076 notitiam.

247 3121 361 3215 ⁸(duod
387 3144 487 3205 quum
511 3120 709 3184 existimaret
731 3119 800 3182 fieri
823 3141 888 3182 non
906 3119 1022 3182 debere
1041 3119 1103 3182 nisi
1124 3142 1197 3183 cum

196 3231 305 3315 aliqua
319 3231 518 3316 praefatione,
544 3253 607 3314 qua
621 3229 736 3292 clarius
752 3239 977 3312 exponeretur,
1001 3229 1027 3291 si
1045 3251 1109 3312 qua
1129 3230 1198 3293 erui

195 3346 327 3425 possent
345 3340 397 3403 vel
419 3340 460 3403 ad
480 3338 627 3414 nominiS,
651 3338 738 3421 quod
754 3338 895 3422 praefert,
919 3337 1104 3420 ampliorem
1125 3361 1198 3422 cog·

195 3451 361 3527 nitionem,
377 3449 428 3512 vel
443 3449 483 3512 ad
494 3448 594 3533 ipsius
607 3447 752 3510 carminis
766 3446 906 3509 indolem
917 3456 951 3509 et
966 3456 1109 3522 aetatem;
1126 3448 1197 3529 quis

196 3582 261 3622 non
287 3559 327 3622 ad
353 3557 544 3620 desiderium
574 3565 641 3618 tarn
671 3577 801 3637 aequum
831 3554 916 3617 omni
945 3554 1197 3637 promptitudine

196 3677 323 3752 optaret
346 3665 551 3749 respondere;
579 3665 676 3726 immo
702 3661 859 3725 voluntati
883 3660 1141 3744 Conspectissimi
1165 3672 1198 3725 et

198 3774 432 3861 sapientissimi
446 3773 519 3837 Viri
535 3794 725 3857 quacunque
740 3770 802 3834 ista
816 3793 913 3854 opera
926 3770 1094 3835 velificari?
1115 3794 1199 3856 prae-

194 3887 306 3950 sertim
327 3908 427 3968 qnum
447 3884 481 3946 id
501 3884 617 3946 debere
636 3881 707 3945 fieri
727 3891 842 3964 cogant
862 3904 990 3965 quoque
1010 3882 1107 3945 verba
1126 3882 1196 3946 Jot.

202 3996 341 4071 Wettztt,
363 3994 479 4077 quibus
494 4001 603 4076 aperte
618 3992 739 4055 fatetur
753 4014 836 4054 anno
854 3992 948 4068 1611,
972 4015 1036 4076 quo
1052 3992 1199 4057 XXXV

196 4104 335 4168 natalem
350 4125 444 4167 suum
459 4101 641 4177 celebravit,
664 4101 891 4192 ipsumlliteris
907 4101 1106 4184 literatisque
1128 4112 1198 4165 tan-

910 4230 962 4279 ΒΩ
