2798 4740
651 437 763 481 uoTAE.
1166 418 1205 481 41

253 597 337 651 Vana.
350 597 499 663 6.-AEpria
506 598 623 665 manibus]
642 598 756 649 Ennius:
774 598 942 665 AEproaarde,
957 600 1028 649 comis
1035 599 1210 671 passa-w.

255 765 340 818 vass.
354 765 512 818 7.-Vulnaa
522 774 619 826 reserat,
636 768 678 832 qui
690 766 752 817 mala
764 766 882 833 publicat]
903 767 1020 818 sedulius
1031 767 1075 818 lib.
1089 769 1113 818 3.
1134 767 1205 831 Ope-

202 869 260 903 rum
274 853 388 904 Paschal.
402 870 427 905 v.
440 854 497 904 416

553 985 605 998 -
617 966 700 1017 naam
712 970 745 1007 ιιι
757 967 870 1016 manna,
886 967 967 1020 snat,

383 1039 443 1092 onai
454 1041 515 1080 uacet
527 1037 645 1080 aimonii:
658 1039 759 1090 ananiam
772 1052 814 1081 ιιια
825 1041 917 1082 antuera
928 1041 1006 1092 murtt.

382 1113 425 1165 Qui
436 1113 496 1165 tepit,
509 1116 531 1152 et
541 1112 630 1165 pinnam
642 1113 739 1165 trepidat
751 1114 835 1155 nudare
846 1114 944 1156 amimam.

201 1235 296 1286 Boath.
309 1233 354 1284 lib.
368 1250 386 1284 1.
401 1235 481 1284 Prosa
491 1234 515 1283 4.
550 1235 582 1284 Si
595 1251 690 1299 operam
700 1235 836 1284 medicantia
847 1242 966 1301 aspectas,
983 1243 1074 1301 aportat
1084 1243 1112 1285 nt
1121 1235 1206 1286 vulnus

201 1322 383 1388 detegas-W.
430 1321 544 1387 Reserat]
577 1321 689 1372 Tralatio
715 1322 902 1372 venustissima:
939 1339 994 1386 quaa
1017 1323 1110 1387 passim
1132 1324 1206 1374 bonis

202 1412 345 1462 auctoribus
360 1410 499 1460 familiaris.
538 1410 657 1460 Reserate
669 1418 766 1460 saneta.
785 1411 844 1464 Val.
866 1411 950 1461 Flacc.
964 1410 1008 1461 lib.
1023 1415 1046 1463 7.
1066 1427 1090 1462 ν.
1104 1413 1160 1462 438.
1180 1419 1208 1462 st
1261 1402 1267 1420 ¹

200 1501 246 1552 lib.
262 1503 283 1551 1.
303 1518 326 1553 v.
341 1503 397 1551 655.
416 1507 521 1549 reserata
537 1499 602 1549 dies:
628 1499 694 1549 sicut
714 1499 808 1549 Bocth.
826 1499 891 1549 libro
902 1515 920 1549 1.
939 1509 999 1550 met
1012 1501 1036 1549 8.
1057 1507 1083 1550 et
1102 1499 1207 1550 chusam

201 1598 288 1642 reseret
304 1591 372 1640 diem.
395 1588 516 1639 Martian.
538 1587 641 1651 Capella
658 1587 702 1637 lib.
720 1603 738 1637 1.
760 1588 791 1636 de
813 1587 923 1638 Phoebo:
953 1588 1036 1653 Atque
1051 1587 1112 1638 idern
1129 1586 1206 1653 pallia

201 1679 320 1738 rutilante,
346 1695 375 1729 ac
396 1684 500 1727 reserato
515 1675 633 1730 ,stellantis
653 1675 704 1741 pali
722 1675 808 1736 limine,
835 1675 874 1727 sal
892 1686 986 1742 repente
1004 1676 1083 1728 clarus
1103 1679 1204 1728 emicuit.

205 1766 347 1833 symmach.
360 1765 404 1816 lib.
416 1766 441 1815 5.
455 1765 529 1828 epist.
539 1765 579 1815 61.
619 1764 677 1814 Tibi
687 1773 763 1814 autem
774 1782 821 1814 nan
831 1767 907 1815 tenuis
918 1766 952 1814 ad
961 1765 1051 1816 laudem
1061 1765 1206 1816 reserabitur

199 1858 249 1907 aia.
286 1855 350 1906 Ibid.
365 1871 405 1919 sp.
419 1855 460 1904 68.
493 1853 594 1902 Aditum
605 1853 662 1903 miii
675 1853 708 1902 ad
717 1853 863 1903 scribendam
873 1856 926 1903 sera
938 1855 1070 1905 resarciatis.
1109 1854 1147 1905 Et
1158 1854 1204 1905 lib.

200 1947 224 1996 9.
242 1961 282 2009 ep.
299 1945 340 1994 32
382 1943 416 1992 Ut
426 1943 448 1992 ei
458 1937 526 2007 apud
538 1948 561 1990 te
570 1942 668 2006 primam
677 1942 854 2006 jannammena
868 1958 943 1990 sermo
954 1950 1077 1992 reseraret.
1109 1942 1201 1994 Weita.

200 2032 314 2096 Detegit,
331 2031 433 2082 revelat.
461 2028 622 2080 ἐκκαλύπτει.
653 2029 762 2093 Sophos.
775 2029 851 2094 Ajaa.
861 2047 885 2080 v.
899 2030 969 2080 1022.
998 2031 1203 2098 ἴθ’ἔτκαλυψον,

200 2125 235 2182 ὡς
245 2122 291 2172 ἴδω
307 2124 336 2172 τὸ
352 2124 408 2173 πᾶν
424 2119 576 2171 nanim-S.
608 2127 705 2178 reserat,
723 2120 824 2183 rumpit,
841 2127 868 2170 et
880 2129 991 2171 renovat.
1015 2120 1044 2170 In
1057 2137 1131 2186 quam
1146 2138 1204 2172 sen-

200 2212 304 2263 tentiam
320 2210 395 2262 ovid.
413 2209 492 2259 Trist.
509 2208 561 2267 IV,
582 2208 605 2266 4,
628 2209 673 2258 40:
701 2209 738 2256 At
754 2200 810 2256 sine¹
821 2225 856 2257 ma
869 2210 923 2274 sati
939 2227 986 2258 nan
1003 2212 1133 2260 meminisse
1149 2213 1202 2270 mei,

198 2301 268 2351 Neue
281 2298 431 2350 retractanda
442 2295 544 2348 nundum
558 2297 665 2346 coeuntia
679 2313 787 2360 rumpam
804 2295 916 2347 Vulnera.
951 2297 1082 2348 Commissa
1097 2317 1203 2350 reserare

199 2387 347 2439 naamanin
360 2387 501 2451 fragmento
518 2385 641 2445 Petronii,
659 2385 727 2450 quod
741 2384 898 2449 propositum
912 2393 951 2436 est
965 2385 1050 2437 Tamo
1064 2387 1111 2436 ΠΙ
1126 2388 1200 2439 Poet.

201 2475 268 2526 Min.
281 2490 307 2540 p.
321 2477 361 2536 75,
377 2491 402 2526 v.
413 2475 585 2526 6.-Waaus.

249 2654 334 2708 Vltus
344 2654 518 2706 8.-Tam'tnm
524 2653 624 2718 premit]
648 2654 710 2718 σιγῇ
728 2653 776 2711 τὰς
784 2653 916 2718 συμφορὰς
930 2653 1112 2719 κατακρύπτει.
1137 2654 1198 2705 Isia.

200 2742 287 2792 Peius.
303 2741 348 2792 lib.
361 2744 386 2793 4.
405 2758 445 2806 ep.
459 2741 591 2792 lla-W.
628 2741 669 2790 Ne
680 2739 788 2790 dubitati
803 2740 903 2804 quidem
919 2749 1012 2804 potest,
1029 2743 1201 2806 reponendum

198 2831 359 2880 essetacitus.
384 2829 513 2883 HEVM.
540 2830 581 2878 At
592 2843 638 2892 ego
649 2844 701 2878 non
712 2828 825 2878 arbitror.
850 2828 959 2878 Taciturn
968 2828 1091 2893 intelligit
1100 2830 1200 2890 vulnus,

198 2919 265 2982 quod
275 2916 380 2978 tacetur,
397 2933 448 2968 non
459 2917 591 2968 revelatur.
602 2917 698 2966 tacitum
711 2917 776 2967 airus
787 2915 875 2966 occulta
886 2916 930 2966 sub
942 2917 1035 2967 vulnere
1046 2918 1110 2969 dixit
1125 2919 1197 2983 Calp.

200 3006 234 3058 E.
248 3006 284 3066 V,
301 3007 342 3057 74.
376 3004 415 3056 Et
429 3005 517 3058 Claud.
535 3004 608 3068 Idyll.
622 3004 666 3058 VI
680 3004 711 3052 de
725 3005 777 3066 Ap.
793 3005 822 3053 9:
850 3002 968 3054 Indictam
985 3021 1060 3069 nequa
1079 3007 1139 3055 enim
1152 3008 1200 3072 sas

196 3105 231 3147 est
241 3099 383 3161 tacitumque
393 3095 501 3160 relinqui.
537 3095 636 3145 Tacitus
646 3102 730 3144 tamen
740 3094 823 3158 legere
833 3095 889 3145 vult
901 3095 1033 3147 Antonius
1044 3097 1075 3146 de
1088 3097 1163 3161 Rooy
1173 3099 1200 3146 in

201 3184 288 3249 Spicil.
306 3184 370 3237 crit.
386 3200 412 3248 p.
425 3184 465 3242 21,
482 3199 507 3248 p.
523 3182 577 3233 155.
607 3181 685 3233 Juvat
698 3183 770 3232 Iocus
786 3182 873 3234 Ovidii
886 3182 917 3233 ab
928 3199 959 3234 eo
970 3184 1099 3245 adductus,
1118 3184 1199 3237 Trist.

200 3271 235 3332 V,
252 3287 270 3330 1,
287 3273 332 3322 50:
354 3271 392 3320 Aa
401 3278 508 3337 pateras,
524 3271 612 3335 inquis,
629 3268 709 3319 melius
720 3269 783 3320 mala
791 3272 862 3337 serre
872 3269 968 3332 silenda,
985 3272 1022 3321 Et
1032 3274 1119 3323 tacitus
1129 3289 1200 3323 casas

196 3363 344 3415 dnnmuhre
354 3363 564 3415 πιθα-17511118.

245 3542 269 3591 9.
297 3540 375 3590 Recta
396 3539 517 3605 summas]
550 3538 644 3589 Boe'th.
664 3539 709 3590 lib.
730 3540 754 3588 8.
779 3546 840 3590 met.
863 3554 892 3588 11.
917 3538 1009 3603 Roqati
1028 3545 1112 3603 sponte
1132 3546 1197 3589 recta

195 3628 381 3680 causta-W.
1282 3625 1284 3629 ’

246 3805 284 3855 10.
302 3803 396 3854 Divisa
407 3804 484 3853 minna
495 3802 592 3852 sarcina
602 3802 637 3865 fit
649 3802 744 3869 pravis]
765 3801 803 3852 Ut
812 3801 883 3852 labor
893 3816 950 3850 cum
961 3798 1074 3865 pluribus
1086 3815 1199 3850 cammu-

195 3891 385 3944 nicatuslcvior
398 3891 441 3942 fit:
467 3891 503 3940 sic
514 3891 581 3940 idem
593 3890 672 3940 dolor.
685 3891 757 3955 Lips.
768 3892 793 3941 2.
805 3889 895 3942 Cenat
910 3906 931 3939 c.
943 3891 983 3940 26.
1018 3888 1105 3939 Multa
1115 3905 1199 3938 mama

194 3997 254 4032 anns
267 3980 341 4030 levina
352 3981 458 4031 reddant.
475 3979 549 4030 Eras.
562 3979 631 4044 adag.
648 3979 738 4031 Weitz.
756 3979 834 4030 Hom.
848 3979 920 4029 Iliad.
942 3999 964 4030 ιι.
978 3981 1034 4030 224.
1054 3981 1104 4031 σὺν
1119 3978 1145 4029 δὲ
1160 3977 1197 4029 δύ’

195 4068 400 4135 ἐρχομένω-5.

970 4154 989 4195 F
