2798 4740
233 434 277 498 34
487 434 659 500 SEVERI
683 433 865 514 SANCTI,
889 434 990 502 ETC.

365 665 463 750 Fugit
478 667 628 731 continuo
644 689 727 730 saeva
741 667 810 728 lues
825 688 951 750 greges:

364 801 490 864 Morbis
506 803 552 865 nil
565 802 667 866 licuit.
715 800 750 864 Si
767 812 873 864 tamen
887 801 972 865 hunc
989 799 1097 864 Deum

364 934 508 998 Exorare
521 936 608 1011 velis,
633 935 760 998 credere
775 935 906 998 sufficit:
1156 933 1219 995 115

622 1066 747 1131 Votum
762 1067 829 1131 sola
842 1068 921 1130 fides
931 1068 1035 1152 juvat.

365 1273 441 1338 Non
456 1274 529 1338 ullis
545 1274 671 1338 madida
686 1285 734 1338 est
749 1298 802 1339 ara
817 1277 996 1352 cruoribus3

364 1407 435 1471 Nec
450 1410 579 1472 morbus
593 1410 753 1493 pecudum
769 1410 856 1473 caede
871 1409 1050 1493 repellitur:

365 1540 430 1604 Sed
445 1541 582 1627 simplex
597 1543 694 1606 animi
715 1544 894 1628 purificatio

624 1674 753 1760 Optatis
767 1676 886 1740 fruitur
898 1676 1001 1740 bonis.
1156 1676 1220 1738 120

255 1880 339 1946 Boc·
365 1881 447 1947 Haec
461 1883 487 1947 si
502 1896 589 1948 certa
601 1887 728 1969 probas,
753 1885 876 1970 Tityre,
899 1885 945 1948 nil
961 1906 1077 1960 moror,

363 2017 453 2083 Quin
467 2019 549 2081 veris
567 2019 703 2082 famuler
716 2019 934 2103 religionibus.

361 2149 513 2213 Errorcm
525 2161 664 2215 veterem
680 2153 844 2236 diffugiam
858 2154 977 2230 libens;

621 2283 707 2347 Nam
721 2285 820 2349 fallax
835 2297 869 2349 et
886 2285 989 2349 inanis
1004 2296 1063 2350 est.
1092 2265 1101 2290 ⁸

255 2491 331 2556 ΤΙΤ.
363 2491 469 2578 Atqui
479 2495 547 2579 jam
562 2505 713 2580 properat
727 2518 816 2559 mens
831 2517 903 2559 mea
916 2495 1017 2559 visere
1155 2495 1217 2558 125

362 2627 487 2692 Summi
502 2629 621 2713 templa
636 2629 714 2692 Dei:
740 2629 819 2713 quin
834 2652 904 2712 age,
928 2627 1063 2705 Buculc‚

362 2761 438 2825 Non
451 2761 579 2846 longam
593 2764 713 2846 pariter
727 2764 948 2846 congredimur
961 2764 1055 2840 viam,

623 2894 743 2960 Christi
758 2906 792 2960 et
805 2919 925 2960 numen
940 2895 1159 2980 agnoscimus?

254 3103 334 3167 AEo.
362 3102 409 3167 Et
422 3125 473 3165 me
489 3104 626 3167 consiliis
636 3105 764 3189 jungite
778 3108 952 3191 prosperis:

364 3237 450 3301 Nam
465 3260 521 3300 cur
535 3238 730 3316 addubitem,
756 3242 834 3324 quin
848 3241 970 3305 homini
985 3262 1114 3325 quoquc
1154 3241 1217 3304 130

364 3371 499 3455 Signum
513 3372 615 3457 prosit
626 3373 712 3435 idem
726 3386 858 3459 perpete
875 3376 1003 3452 saeculo,

623 3505 699 3572 Quo
713 3507 759 3571 vis
775 3508 919 3572 morbida
929 3502 1087 3571 vincitur?
