2798 4740
241 407 282 470 58
689 426 802 469 uouAE.

293 587 379 641 Vens.
392 586 554 638 lte-orara
565 589 642 653 ἤρικε
654 588 737 654 pede]
765 588 859 652 Sulpic.
874 587 1021 639 Servestusz

515 745 591 757 —
605 723 635 766 Et
646 735 715 768 οοκαο
727 735 793 769 entre
805 730 884 767 tumem
894 736 972 779 ραινα

245 835 348 886 Persius
363 836 415 887 Set.
429 838 453 887 {t
472 839 498 886 in
509 846 605 903 portam
616 838 708 904 νίρίᾰακ
718 837 792 889 euleee
803 838 992 889 extendit-W.

293 1013 586 1067 Venetia-Tristities
600 1017 861 1082 dirmmqueavium.]
893 1015 1031 1081 Sophocles
1045 1014 1137 1082 Ajsee:
1163 1018 1248 1086 ρκρθῶ

240 1105 299 1154 κυσὶ
319 1103 480 1168 πρόβλητος,
504 1104 606 1165 οἰωνοῖς
625 1105 647 1154 δ’
666 1104 739 1170 ἕλωρ.
778 1104 817 1154 Ibi
840 1103 974 1156 scholiast.
1004 1106 1113 1167 οἰωνοῖς,
1135 1107 1247 1172 ὄρνισιν.

239 1192 330 1259 κυρίως
347 1191 373 1241 δὲ
392 1192 481 1258 γύπες.
519 1192 649 1243 Ammian.
662 1192 706 1243 lib.
720 1193 760 1243 31.
791 1191 895 1257 Reliqua
909 1200 1062 1258 peremtonem
1072 1196 1249 1260 eorporudiroe

242 1278 351 1330 volueres
361 1287 544 1339 consumserunt,
561 1288 660 1331 assuete
672 1279 711 1331 ille
723 1287 824 1346 tempore
834 1280 990 1332 cadaveribus
1003 1283 1082 1346 pasci,
1099 1291 1125 1332 ut
1139 1283 1250 1334 iudicant

238 1385 386 1434 nuncusque
396 1369 696 1435 ulberueeosss'bueeampi.
728 1367 833 1433 Apulei.
844 1368 889 1419 lib.
903 1371 927 1420 6.
957 1368 1017 1420 Cum
1028 1387 1098 1420 eauee
1108 1378 1131 1421 et
1141 1371 1248 1422 uultures

240 1459 323 1507 intime
338 1458 487 1522 protrahent.
526 1458 590 1509 Stet.
605 1458 650 1508 lib.
663 1460 688 1509 9.
709 1456 831 1507 Thebaid.
849 1456 962 1507 nominet
974 1465 1082 1508 catervas
1097 1458 1248 1510 Ineesterum

240 1548 328 1606 evium,
352 1546 420 1612 Ῑοορὲ
441 1547 526 1612 quibus
545 1564 606 1597 auru
625 1553 742 1597 nocentem
761 1547 829 1596 Ai'ra
848 1546 998 1611 desertasque
1019 1546 1072 1597 tulit
1090 1549 1141 1598 eine
1153 1550 1248 1613 stertere

239 1635 411 1686 mortes-W.
450 1636 542 1686 Tristes
552 1636 656 1700 direque
668 1652 732 1695 aves,
750 1651 804 1700 que
819 1634 890 1686 Ilied.
908 1655 933 1685 α.
947 1637 971 1685 4.
989 1637 1083 1687 οἰωνοὶ.
1106 1637 1191 1687 Sehol.
1205 1638 1244 1689 br.

241 1723 399 1790 σαρκοφάγοι
414 1723 523 1788 ὄρνιθες,
540 1740 595 1774 aues
609 1725 749 1781 eemivoroe,
766 1738 812 1772 ceu
827 1731 886 1773 sunt
897 1723 1010 1774 vultures
1027 1732 1054 1774 et
1070 1723 1147 1775 corvi.
1183 1726 1248 1775 Plu-

240 1811 318 1861 euch.
350 1829 460 1876 σομπος.
490 1814 514 1863 8.
544 1812 569 1861 9.
599 1811 613 1862 t
636 1810 792 1872 θουκοδίδης
816 1811 910 1876 {erupis
932 1813 980 1862 τὸν
1002 1811 1129 1878 ’solvent
1150 1814 1247 1879 λοιμὸν

240 1900 391 1965 (ἀσυνήθη)
411 1900 531 1967 γενέσθαι
546 1900 744 1967 τεκμαιρόμενος
758 1899 840 1950 αὐτοῦ
855 1902 885 1951 τὸ
903 1902 939 1963 μὴ
958 1900 1104 1966 σύντροφον
1119 1902 1245 1966 μάλιστα,

243 1992 281 2056 τῷ
292 1991 325 2039 τὰ
337 1988 488 2055 σαρκοφάγα
500 1991 536 2054 μὴ
551 1991 671 2053 γενεσθαι
686 1992 739 2038 τῶν
754 1992 859 2053 νεκρῶν.
898 1987 1012 2053 Thueyd.
1025 1989 1097 2038 locus
1108 1997 1148 2038 est
1158 1987 1203 2040 lib.
1217 1991 1243 2041 2.

240 2077 260 2126 f.
274 2077 327 2126 131.
361 2075 531 2126 woM.-s.
572 2076 663 2125 Tristes
677 2083 703 2125 et
717 2075 776 2125 dirce
789 2091 848 2127 eves
863 2083 922 2126 sunt
937 2075 1077 2134 carnivora,
1095 2076 1171 2135 corvi,
1189 2078 1246 2126 vul-

243 2164 320 2216 tures?
352 2162 447 2214 Statius
459 2163 541 2214 Theb.
558 2163 611 2222 IX,
628 2165 668 2222 28,
686 2170 874 2214 voesteateevee
885 2166 1122 2214 incestarumuvium.
1155 2165 1246 2218 Amm.

242 2253 349 2305 Marcel.
367 2251 411 2302 lib.
431 2253 475 2302 31:
508 2251 613 2317 Reliqua
628 2258 785 2316 peremtorum
799 2269 901 2318 empore
914 2252 974 2303 dire
991 2252 1096 2304 volueres
1112 2270 1246 2304 consumse-

238 2341 450 2393 runt-Weuus.

291 2517 676 2584 Vens.95.-1neteuntsrut]
706 2517 828 2577 Imietere,
847 2532 900 2569 non
917 2525 1034 2569 conatum
1051 2517 1135 2578 modo,
1156 2518 1201 2568 sed
1219 2526 1247 2569 et

238 2607 383 2660 instantiam
396 2607 482 2672 jugem
493 2606 579 2666 infert,
599 2605 735 2656 Afranius:

504 2756 579 2799 Idetrt
590 2756 635 2796 hee
648 2765 714 2808 agere
727 2759 795 2798 uene·
807 2757 890 2800 secrete
900 2757 979 2800 institi.

244 2895 336 2949 Catull.
372 2895 465 2946 Institit
475 2903 499 2944 et
505 2895 574 2960 ferri
579 2895 699 2961 sranqere
708 2895 905 2947 duritiem-W.
941 2896 1132 2964 Inetetuntseui,
1148 2897 1245 2950 instent

239 2986 357 3047 vorando,
374 2985 446 3037 avide
457 2984 606 3050 assidueque
617 2983 890 3036 frenatus-winus.

289 3162 376 3216 Vens.
394 3161 541 3211 ltu-Heu!
563 3177 613 3210 cur.
642 3160 721 3210 Plane
740 3161 770 3210 ud
787 3162 851 3211 hunc
866 3161 971 3212 sormam
992 3161 1069 3214 Silius
1081 3163 1177 3224 ‚vl11,
1194 3165 1240 3216 82:

239 3249 311 3300 More
322 3250 395 3308 testis,
412 3257 435 3298 et
444 3247 489 3307 ite,
506 3248 564 3297 Heu
575 3264 619 3297 eur
630 3264 677 3297 non
688 3248 748 3298 idem
758 3248 816 3299 mitti
825 3257 881 3301 tune
891 3250 1118 3317 reyns-Wmuts

289 3425 375 3479 Vens.
392 3422 554 3477 98.-Fetum
565 3423 650 3490 neele]
671 3423 828 3488 Periphrasis
840 3434 886 3485 est,
904 3442 949 3490 pro
960 3426 1015 3491 ipsu
1025 3442 1087 3476 nece
1097 3427 1138 3477 vel
1149 3437 1240 3479 morte.

241 3517 281 3567 Ita
292 3516 358 3566 Rota
373 3515 446 3574 Solis,
463 3513 545 3573 idest,
566 3511 618 3563 Sol.
633 3512 735 3563 Lueret.
750 3521 839 3579 tempus
850 3516 933 3573 noctu,
949 3514 976 3564 id
988 3523 1035 3575 est,
1052 3532 1108 3566 noe.
1140 3517 1204 3567 Stat.
1217 3520 1242 3569 2.

241 3605 303 3655 Silv.
317 3605 382 3655 Fale
392 3605 478 3664 Lunoe,
495 3605 580 3663 idest,
596 3603 678 3654 Luna.
709 3604 813 3667 Apulei.
831 3605 861 3654 de
873 3604 932 3656 Deo
946 3604 1064 3656 Socratis.
1102 3606 1142 3656 Its
1156 3607 1242 3669 paullt

238 3702 331 3744 entev.
345 3696 384 3744 93.
401 3694 603 3759 Αρηιίκααοίννι.
644 3708 709 3743 vers.
732 3694 771 3743 94.
798 3692 890 3743 Canum
906 3710 996 3759 ρνοραο.
1041 3709 1064 3743 ν.
1080 3694 1135 3743 128.
1151 3693 1245 3745 curisti

238 3785 341 3832 numina.
380 3782 433 3831 Adi
447 3782 573 3834 Vechner.
593 3780 742 3831 hellenolex.
758 3781 802 3830 lib.
815 3783 839 3830 2.
856 3796 911 3844 pag.
925 3782 982 3832 221.
1003 3789 1029 3831 et
1043 3781 1176 3846 seq.-W.
1211 3782 1242 3831 ld

238 3879 285 3930 est,
301 3886 351 3919 nex
361 3871 401 3920 vel
413 3887 494 3920 mors:
519 3878 549 3920 ut
562 3870 689 3920 θανάτοιο
706 3869 787 3928 τέλος,
803 3869 830 3919 id
846 3877 893 3928 est,
911 3869 1033 3930 θάνατος,
1053 3870 1124 3920 nied.
1139 3891 1164 3937 γ.
1181 3873 1238 3922 1119.

238 3968 267 4011 ut
278 3958 364 4009 notavi
375 3959 406 4007 ad
420 3958 535 4021 Theogu.
552 3974 576 4007 v.
590 3959 711 4009 766.-S.
748 3958 866 4026 Alteros.]
896 3959 1046 4024 Schopp..in
1061 3960 1154 4025 Synon.
1169 3967 1238 4024 poet.

237 4048 315 4108 Alter,
326 4047 448 4107 secundus,
463 4046 580 4111 deinceps.
593 4048 642 4111 pie,
657 4064 762 4111 sequens,
778 4046 846 4097 alius.
875 4047 965 4098 Horat.
991 4048 1118 4099 Permutat
1127 4049 1241 4110 dominos,

239 4145 262 4185 et
275 4137 336 4188 cedit
352 4139 377 4187 in
394 4135 468 4187 alteru
476 4136 545 4201 jura.
582 4134 650 4187 Vide
669 4135 738 4186 Fest.
759 4137 786 4184 in
805 4135 958 4188 Auen—W.
999 4136 1116 4189 Trumilit
1130 4138 1239 4203 alterve]
